3567 5500
448 904 512 989 bet,
547 905 605 971 sed
628 906 725 970 etiam
746 926 786 971 ea
809 904 1001 971 difficultate
1022 904 1159 986 laborat,
1190 896 1287 990 quod,
1310 912 1481 992 postquam

449 1008 558 1094 priore
581 1006 652 1073 loco
683 1004 855 1073 relativum
878 998 931 1083 οὓς
953 1002 994 1070 ἄν
1016 1006 1217 1071 indefinitum
1246 1028 1414 1071 numerum
1439 1008 1482 1071 si·

355 1104 359 1113 ’
449 1109 604 1195 gnificare
635 1111 739 1175 risum
770 1119 827 1192 est,
865 1131 932 1174 non
960 1110 1028 1191 erit,
1069 1109 1124 1195 qui
1156 1116 1481 1193 certumnumerum

450 1215 558 1298 (τρεῖς)
592 1211 702 1299 paullo
735 1221 809 1298 post
843 1210 969 1276 illatum
1002 1212 1043 1275 iri
1075 1217 1250 1296 exspectet.
1309 1209 1344 1274 Si
1373 1219 1482 1276 autem

450 1326 533 1398 τρεῖς
556 1312 639 1379 illud
662 1312 832 1378 relativum
854 1311 1025 1395 antecedit,
1056 1332 1152 1377 nemo
1169 1312 1250 1399 jam,
1278 1312 1373 1397 quod·
1387 1312 1421 1377 in
1443 1334 1480 1377 eo

451 1415 609 1483 indefiniti
631 1417 725 1498 inest,
762 1415 805 1479 ad
826 1436 996 1479 numerum
1020 1412 1147 1479 referet.
1191 1413 1231 1477 In
1253 1412 1365 1479 codice
1385 1414 1483 1500 igitur

450 1516 518 1600 illo,
551 1540 594 1583 cx
617 1540 681 1605 quo
704 1517 904 1604 archetypon
927 1516 1124 1604 descriptum
1147 1524 1204 1597 est,
1237 1514 1317 1579 haec
1340 1518 1482 1581 extitisse

446 1618 646 1707 judicamus:
675 1619 692 1681 ὁ
715 1620 749 1682 δὲ
771 1619 935 1706 παρεχέτω
958 1616 1034 1694 τοὺς
1056 1614 1207 1702 ἐγγυητάς
1228 1612 1404 1703 ἀξιόχρεως,
1429 1610 1483 1693 οὓς

452 1714 493 1786 aiv
519 1720 536 1794 ἡ
564 1731 644 1783 τῶν
665 1723 737 1808 περὶ
769 1731 881 1785 ταῦτα
917 1724 1078 1785 δικαστῶν
1113 1716 1193 1806 ἀρχὴ
1219 1721 1305 1806 Ικρίνῃ
1339 1719 1483 1805 παρέξειν

452 1822 658 1907 ἐγγυωμένους
691 1827 732 1899 εἰς
773 1825 870 1898 δίκην.
935 1824 975 1887 In
1007 1825 1152 1907 margine
1183 1832 1289 1887 autem
1320 1822 1484 1909 adscripta

452 1934 521 1991 erat
540 1925 632 1991 varia
650 1924 744 1992 lectio
764 1936 847 2010 τρεῖς
868 1922 1020 2008 ἐγγυητάς
1041 1921 1214 2010 ἀξιόχρεως.
1258 1924 1302 1989 At
1321 1922 1407 1989 dicct
1427 1924 1483 1989 ali·
1601 1958 1609 1979 ·

453 2029 535 2115 quis,
569 2027 646 2113 quid
671 2028 732 2093 hoc
755 2025 826 2091 est?
854 2027 1094 2095 ·Platonemne
1115 2048 1282 2091 numerum
1312 2049 1379 2091 non
1402 2026 1483 2092 indi·

452 2152 553 2211 casse,
576 2139 655 2215 quot
668 2129 766 2195 vellet
781 2152 851 2195 esse
864 2128 991 2195 vades?
1025 2128 1132 2194 Audio
1155 2136 1187 2191 et
1208 2130 1358 2194 assentio.
1389 2128 1481 2195 Plato

453 2233 538 2296 enim
559 2232 643 2296 sicut
669 2241 735 2297 tam
757 2231 873 2296 multas
895 2232 984 2317 leges
1006 2234 1051 2297 ita
1075 2231 1170 2295 etiam
1195 2229 1282 2295 hunc
1310 2232 1409 2296 trium
1429 2254 1482 2297 va-

451 2333 529 2399 dum
550 2354 722 2397 numerum
741 2355 783 2397 ex
797 2334 872 2419 jure
892 2334 988 2399 attico
1012 2334 1135 2419 recepit
1154 2338 1231 2420 (qua
1253 2332 1293 2397 de
1315 2355 1389 2399 oum
1407 2333 1482 2399 alia·

451 2457 523 2500 rum
553 2443 622 2499 tum
656 2435 826 2499 atticarum
849 2434 959 2521 legum
994 2436 1170 2499 imitatione
1194 2436 1263 2520 agit
1286 2434 1323 2501 Ο.
1347 2436 1385 2499 F.
1403 2435 1494 2501 Her·-

451 2560 607 2603 mannus:
646 2539 698 2603 De
719 2538 859 2623 vestigiis
879 2547 1024 2602 veterum
1045 2538 1264 2602 institutorum
1284 2538 1319 2603 in
1338 2536 1482 2623 Legibus

451 2639 594 2705 Platonis
614 2640 871 2724 investigandis).
914 2640 979 2705 Hic
998 2639 1104 2705 autcni
1123 2640 1213 2705 varia
1232 2632 1327 2705 lectio
1347 2641 1382 2705 in
1400 2626 1479 2707 mar·

451 2744 525 2830 gin'e
559 2742 721 2830 adscripta
754 2735 856 2835 altera
888 2741 1114 2830 praestabilior
1146 2752 1177 2808 et
1209 2742 1371 2830 antiquior
1407 2724 1483 2809 eral.

452 2845 623 2911 Platonem
641 2847 740 2932 igitur
759 2847 839 2911 haec
859 2847 996 2913 arbitror
1017 2846 1199 2931 scripsisse:
1225 2848 1242 2906 ὁ
1264 2845 1297 2908 δὲ
1320 2837 1483 2932 παρεχέτῖν

445 2959 535 3033 ,τρεῖς
556 2944 707 3031 ἐγγυητὰς
732 2947 903 3034 ἀξιόχρεως,
940 2941 992 3024 οὓς
1016 2942 1054 3012 ἂν
1076 2947 1093 3022 ἡ
1119 2956 1186 3010 των
1207 2949 1277 3032 περὶ
1300 2943 1412 3012 ταῦτα
1439 2950 1483 3010 a·

453 3045 583 3114 καστων
606 3043 683 3135 ἀρχὴ
705 3052 799 3135 κρίνῃ,
836 3051 980 3136 παρέξειν
1005 3051 1211 3135 ἐγγυωμένους
1240 3054 1281 3126 εἰς
1301 3051 1388 3124 δίκην
1409 3053 1484 3138 (κρί-

454 3177 515 3217 νειν
538 3174 604 3216 non
638 3162 687 3218 est
715 3174 892 3235 secernere,
931 3152 1053 3239 eligere
1081 3162 1117 3218 ut
1139 3147 1241 3219 7531)
1264 3150 1351 3216 ἑπτα
1374 3153 1408 3215 δὲ
1431 3155 1485 3216 καὶ

452 3253 641 3342 τριάκοντα,
680 3256 726 3331 οἶς
755 3246 793 3320 ἂν
822 3260 976 3319 πλεῖσται
1007 3255 1162 3339 γένωνται
1194 3263 1295 3343 ψῆφοι
1323 3257 1485 3342 κρίναντες

452 3353 692 3443 ἀποφηνάντων
715 3353 882 3443 ἄρχοντας,
920 3356 986 3439 sed,
1022 3366 1057 3421 ut
1087 3357 1285 3444 plerumque,
1314 3359 1381 3423 vim
1397 3357 1484 3448 judi-

453 3458 549 3525 candi
570 3458 675 3524 habet.
718 3460 801 3525 Nam
819 3459 863 3525 ad
884 3461 968 3546 κρίνῃ
984 3459 1135 3546 suppleas
1151 3457 1313 3546 ἀξιόχρεως
1331 3459 1371 3524 cf.
1386 3455 1483 3527 6581)

453 3573 485 3628 et
505 3563 557 3641 E).
580 3599 623 3608 —
657 3563 742 3628 Sane
765 3558 908 3628 notabile
929 3561 991 3628 hoc
1013 3563 1198 3648 exemplum
1221 3573 1278 3644 est,
1302 3560 1389 3627 unde
1410 3560 1483 3626 illas

404 3731 417 3754 .-
453 3665 606 3731 lectiones
634 3686 702 3729 non
723 3687 834 3730 omnes
864 3665 946 3731 viles
970 3664 1070 3731 fuisse
1101 3673 1245 3752 apparet,
1280 3663 1338 3730 sed
1360 3663 1484 3751 aliquot

453 3777 539 3834 certe
561 3769 679 3855 probas
700 3778 733 3833 et
754 3790 858 3834 veras.
1015 3845 1017 3852 y

453 3903 457 3912 ·
538 3869 621 3935 Sunt
642 3869 697 3935 alii
719 3869 853 3957 quidam
874 3869 949 3952 loci,
986 3870 1103 3957 quibus
1127 3869 1263 3935 eandem
1283 3869 1484 3955 corruptelae

452 3971 700 4059 explicationem
723 3971 942 4038 adhibendam
972 3993 1042 4036 esse
1071 3972 1128 4035 vix
1160 3992 1385 4057 proponerem,
1421 3972 1483 4035 nisi

452 4074 620 4140 fuduciam
642 4082 827 4161 praestaret,
855 4074 942 4161 quod
964 4075 1026 4138 viri
1046 4074 1174 4137 criticae
1196 4075 1290 4138 ertia
1297 4073 1482 4159 peritissimi

447 4177 518 4265 jam
539 4175 597 4242 illa
618 4177 673 4241 via
694 4176 887 4262 praeierunt.
930 4175 1119 4241 Hermanno
1143 4175 1228 4239 enim
1251 4184 1282 4240 et
1301 4174 1483 4240 Turioensi·

450 4277 511 4344 bus
533 4281 568 4344 in
592 4277 710 4359 verbis,
737 4299 820 4364 quae
842 4277 994 4364 leguntur
1014 4272 1105 4344 8390
1128 4272 1214 4340 aare
1234 4274 1295 4364 γάρ
1319 4281 1359 4353 εἰς
1379 4270 1481 4340 τουτο

450 4380 618 4467 προβέβηκε
637 4376 705 4462 νυν,
739 4372 813 4442 ὥστ’
836 4378 901 4444 οὐδ’
923 4377 964 4446 ἄν
985 4405 1067 4444 ποτε
1089 4379 1238 4464 γενέσθαι
1258 4381 1354 4456 δοκεῖ,
1378 4374 1481 4441 καθοί-

422 4507 509 4580 ,περ
530 4480 570 4546 τὰ
595 4478 660 4545 των
682 4483 853 4562 ξυσσιτίων
883 4479 1074 4568 ἐπιτήδευμα
1105 4481 1296 4546 ἀπιστεῖται
1324 4478 1363 4566 μὴ
1386 4480 1481 4545 isira·
