3567 5500
359 937 362 943 ’
460 943 560 1008 nimia
582 942 776 1008 deteriorum
800 935 952 1006 codicum‘
966 939 1086 1006 fiducia
1109 939 1348 1027 quaestionibus
1371 939 1487 1003 criticis

458 1046 608 1110 tenebras
631 1043 786 1109 obductas
810 1065 879 1107 esse
904 1050 1035 1108 constat.

545 1147 713 1227 Quaenam
735 1147 833 1230 igitur
854 1143 982 1210 illorum
1009 1153 1056 1209 est
1078 1142 1189 1229 origo?
1227 1167 1309 1232 quae
1335 1169 1409 1210 eum
1436 1168 1487 1210 ce·

456 1251 534 1314 teris
564 1245 735 1334 cognatio?
802 1247 942 1331 Suntne,
980 1247 1013 1311 id
1051 1247 1139 1333 quod
1167 1245 1223 1312 illa
1257 1247 1488 1335 supplementa,

460 1374 543 1439 quae
577 1351 642 1416 soli·
671 1360 848 1431 servarunt,
895 1349 1113 1415 demonstrare
1145 1348 1303 1432 videntur,
1352 1373 1393 1416 ex
1426 1371 1489 1414 una

457 1452 581 1518 familia
601 1455 678 1535 nati,
703 1453 807 1519 solutu
829 1450 886 1515 illa
908 1474 927 1516 a
949 1461 1125 1516 ceterorum
1147 1459 1282 1538 utraque
1303 1451 1430 1534 familia,
1455 1459 1490 1514 ut

458 1565 622 1642 tamquam
651 1577 709 1641 per
731 1565 796 1621 tres
818 1553 939 1646 rigulos
963 1576 1003 1618 ex
1023 1576 1087 1619 uno
1111 1553 1287 1641 Archetypi
1311 1553 1399 1619 fonte
1424 1575 1489 1618 om-

460 1680 536 1722 nem
567 1658 682 1722 horum
715 1656 868 1721 librorum
902 1643 1094 1742 scripturam
1130 1655 1172 1720 ad
1206 1665 1316 1720 nostra
1348 1665 1491 1742 tempora

459 1781 665 1845 permanasse
683 1758 867 1839 credamus;
890 1757 950 1842 per
962 1757 1164 1838 Vossianum‚
1189 1779 1247 1844 per
1259 1757 1438 1822 Parisinum
1460 1765 1492 1820 et

461 1860 664 1943 Vaticanum,
689 1860 828 1946 denique
851 1881 909 1945 per
930 1857 1122 1924 deteriorum
1142 1857 1348 1924 testimonia?
1386 1858 1492 1944 Atque

464 1971 540 2028 sunt
555 1962 713 2050 quaedam
735 1963 898 2045 lectiones,
922 1983 1004 2048 quae
1026 1960 1102 2025 huic
1124 1962 1267 2048 opinioni
1286 1984 1353 2026 non
1374 1959 1491 2028 medio-

464 2067 560 2132 criter
580 2065 690 2131 favere
710 2065 889 2131 videantur.

548 2169 709 2254 Imprimis
744 2168 832 2254 quod
863 2159 1198 2258 ΙΙ.209,13(90οε)
1227 2169 1261 2231 in
1289 2172 1317 2228 Α
1345 2166 1398 2244 (de
1431 2165 1491 2231 hoc

463 2271 548 2334 enim
559 2270 687 2334 Felsina
706 2270 812 2335 denuo
833 2278 966 2335 testatus
983 2276 1042 2350 est)
1058 2279 1090 2334 et
1102 2275 1132 2332 Ω
1151 2270 1231 2334 haec
1255 2269 1419 2354 leguntur:
1445 2271 1491 2333 ἐν·

465 2373 632 2446 δείξασθαι
653 2381 754 2434 τοῦτο
774 2376 821 2455 (γε
837 2372 942 2457 deest)
963 2371 1001 2447 ὥς
1022 2376 1171 2456 ε”πιμελεῖς
1191 2381 1325 2458 σμικρῶν
1344 2375 1403 2434 εἰσι
1423 2374 1492 2434 θεοὶ

466 2473 529 2556 οὐχ
550 2470 651 2547 ἦττον
673 2468 690 2548 ἢ
712 2485 778 2538 τῶν
799 2457 920 2559 μεγέθει
943 2473 1170 2562 διαφερόντων
1207 2475 1248 2539 In
1271 2474 1362 2542 codd.
1386 2482 1492 2539 autem

467 2576 567 2661 εἰει·
600 2581 644 2655 (et
673 2575 879 2642 Stallbaumii
901 2575 1112 2657 Florentinis)
1144 2584 1262 2642 exstat:
1295 2576 1491 2651 ἐνδείξασθαι

467 2676 565 2755 τοῦτο’
585 2704 619 2763 γε
640 2679 678 2755 εἱς
701 2682 851 2765 ἐπιμελεῖς
878 2688 1014 2765 σμικρῶν
1036 2681 1096 2742 εἰσὶ
1116 2680 1186 2741 θεοὶ
1211 2678 1270 2763 οὐχ
1293 2674 1414 2753 ἧττόν
1434 2676 1490 2740 ἄλ-

466 2786 540 2846 λων
561 2783 600 2845 δὲ
621 2775 638 2856 ἢ
658 2792 721 2846 τῶν
742 2782 861 2867 μεγέθει
881 2781 1108 2867 διαφερόντων,
1132 2805 1225 2869 quae«
1239 2803 1301 2869 quo
1325 2782 1492 2846 obscurius

388 2883 390 2887 ’
468 2883 660 2966 dictasunt,
701 2906 829 2970 quoque
852 2882 1036 2968 diligentius
1069 2884 1278 2949 obscuritates
1301 2886 1335 2947 iu
1357 2884 1493 2949 deterio-
1568 2962 1572 2970 .

468 3009 539 3051 rum
562 2985 656 3051 codd.
680 3008 798 3072 genere
818 2989 975 3052 removeri
998 2985 1112 3068 solent,
1145 3009 1183 3051 eo
1204 2988 1305 3071 magis
1327 2995 1401 3051 sunt
1421 2986 1495 3050 con·¹

467 3087 675 3174 templatione
697 3089 803 3175 digna.
861 3089 967 3176 Atque
989 3089 1095 3155 lucem
1118 3090 1256 3154 afferunt
1277 3089 1407 3175 plenam
1430 3089 1495 3153 Eu-

470 3191 576 3257 sebius
604 3199 634 3255 et
656 3190 889 3274 Theodoretus,
925 3215 1060 3278 quorum
1093 3202 1228 3278 uterque
1249 3192 1391 3257 Platonis
1425 3214 1494 3257 sen·

469 3295 599 3357 tentiam
625 3292 747 3379 profert
777 3293 862 3358 hune
886 3296 920 3357 in
951 3295 1081 3359 modum
1107 3295 1336 3362 conformatam
1357 3294 1493 3373 (Theod.

469 3395 609 3482 Therap.
624 3391 676 3472 93,
687 3390 740 3461 20.
760 3395 810 3460 cd.
834 3395 935 3461 Gaisf.
948 3436 987 3445 »-
1014 3397 1133 3461 Euseb.
1155 3418 1265 3483 praep.
1288 3418 1399 3483 evang.
1423 3392 1494 3463 630.

471 3497 521 3563 ed.
545 3496 673 3581 Gaisf.):
707 3500 906 3574 ἐνδείξασθαι
928 3497 1049 3561 τοῦτο’
1070 3524 1108 3581 γε
1130 3499 1169 3575 ὥς
1190 3502 1339 3584 ἐπιμελεῖς
1360 3510 1496 3585 σμικρῶν

470 3603 530 3663 εἰσὶ
561 3602 632 3663 θεοὶ
655 3600 713 3683 οὐχ
743 3597 841 3675 ἦττον
872 3606 1018 3687 μᾶλλον
1042 3602 1080 3663 δὲ
1105 3597 1123 3675 ἦ
1146 3611 1212 3664 τῶν
1238 3602 1360 3686 μεγέθει
1387 3605 1495 3688 διαφε-

470 3700 598 3784 ρόντων.
632 3703 726 3768 Nunc
744 3703 848 3769 bonus
866 3713 898 3769 et
920 3702 1101 3770 luculentus
1117 3726 1227 3769 sensus
1244 3703 1346 3769 adest!
1378 3704 1496 3771 Nonne

468 3803 549 3870 haec
579 3805 799 3871 demonstrant
829 3808 862 3870 in
896 3805 988 3873 codd.
1019 3806 1229 3871 deterioribus
1262 3806 1495 3893 nonnunquam

467 3909 603 3991 vestigia
632 3908 761 3994 quidem
788 3930 886 3973 verae
911 3916 942 3971 et
965 3909 1113 3993 antiquae
1149 3910 1293 3975 lectionis
1318 3932 1495 3997 superesse,

412 3996 422 4015 ⁸
468 4032 551 4096 quae
571 4011 605 4074 in
623 4014 749 4098 optimis
769 4010 992 4095 manuscriptis
1011 4012 1138 4095 penitus
1160 4013 1276 4077 emissa
1295 4021 1327 4077 et
1349 4012 1496 4097 neglecta

468 4110 555 4177 sint?
612 4114 664 4177 An
689 4112 847 4201 ejusmodi
868 4113 1004 4197 vestigia
1031 4135 1098 4177 non
1120 4113 1359 4180 Platonicarum
1388 4114 1494 4180 lectio·

467 4237 543 4281 num
564 4215 621 4280 sed
652 4216 878 4299 glossematum
902 4214 1055 4303 reliquias
1080 4238 1151 4281 esse
1181 4216 1368 4282 existimas?
1422 4217 1496 4282 Non

467 4318 655 4384 crediderim
684 4318 746 4382 hoc
775 4324 898 4404 μᾶλλον
922 4318 955 4381 δὲ
985 4318 1154 4404 glossatori
1188 4319 1314 4403 deberi,
1358 4344 1431 4385 nam
1463 4329 1496 4384 et
1570 4315 1575 4328 “

352 4438 360 4447 ·
466 4424 665 4509 aptissimum
689 4420 800 4486 estad
823 4424 999 4489 sententiae
1030 4425 1096 4490 vim
1121 4422 1299 4488 acuendam
1324 4432 1355 4488 et
1376 4444 1494 4508 augen-

466 4522 541 4589 dam
563 4547 624 4592 nec
652 4533 717 4589 tam
741 4528 965 4611 necessarium,
1002 4535 1037 4592 ut
1058 4526 1099 4591 ab
1121 4527 1159 4592 iis
1190 4525 1293 4609 facile,
1330 4528 1385 4613 qui
1407 4525 1494 4610 lege-
