3567 5500
812 782 900 873 oa

299 1012 301 1016 '
321 994 438 1059 ελοντα
459 994 540 1057 εἶναι
558 1002 614 1069 τῆς
634 987 731 1070 ἄλλης
751 988 960 1074 succensorie„
989 986 1036 1073 οἷς
1056 990 1077 1082 ᾗ
1096 994 1225 1061 παλαιᾶ
1247 993 1350 1081 ἐγκλήι

318 1121 411 1182 ματα
436 1094 515 1182 πρὸς
543 1091 707 1174 ἀλλήλους,
746 1101 801 1161 καὶ
829 1093 915 1175 ὅσοις
942 1109 1000 1163 νοῦ
1028 1101 1082 1161 καὶ
1109 1102 1239 1185 σμικρὸν
1263 1110 1351 1185 peni:

320 1198 421 1281 Quae,
458 1197 492 1262 id
516 1197 603 1285 quod
626 1197 759 1265 forsitan
783 1201 1044 1287 alicuiprimum
1077 1203 1111 1265 in
1135 1209 1274 1266 mentem
1295 1224 1350 1267 ve·

318 1302 395 1384 niet,
417 1322 484 1365 non
499 1298 613 1365 eodem
628 1302 736 1385 modo,
759 1315 822 1389 quo
838 1326 885 1385 ea,
909 1324 993 1391 quae
1012 1302 1122 1390 paullo
1137 1312 1212 1367 ente
1231 1310 1348 1369 tracta·

317 1405 432 1486 vimus,
457 1401 562 1467 deleto
586 1402 707 1469 scilicet
726 1400 752 1489 ᾖ,
786 1405 932 1493 expediri
953 1412 1112 1492 poterunt,
1135 1404 1192 1470 sed
1212 1404 1348 1473 alia'via

317 1505 503 1590 investigari
526 1504 665 1575 debebit,
723 1506 807 1571 Nam
837 1508 987 1594 primum,
1021 1528 1121 1594 quum
1144 1507 1191 1581 οἷς
1217 1529 1347 1594 respon-

317 1607 392 1672 deat
413 1606 506 1671 alteri
526 1607 572 1683 οἶς
594 1607 704 1694 paullo
728 1618 802 1694 post
824 1610 1017 1697 insequenti,
1048 1631 1090 1673 ne
1112 1609 1248 1674 orationi
1272 1608 1350 1674 con.-¹

316 1710 453 1774 cionitas
480 1707 573 1792 desit,
610 1711 643 1773 in
674 1712 781 1797 priore
811 1712 969 1776 sententia
992 1709 1090 1775 verbo
1114 1704 1243 1799 quoque
1264 1734 1345 1798 opus

316 1822 365 1877 est
387 1811 487 1892 finito,
526 1813 613 1897 quod
643 1811 839 1898 respondeat
866 1814 1035 1899 posteriori
1059 1814 1165 1877 ἔδωκε.
1201 1812 1346 1879 Deinde
1437 1868 1450 1895 ,

285 1923 288 1931 “
314 1938 380 1981 non
402 1921 476 1979 sunt
496 1914 574 1978 certi
594 1923 648 1978 aut
662 1916 733 2002 jam
753 1914 830 1996 noti,
853 1914 895 1979 de
910 1915 1027 2001 quibus
1050 1914 1198 2003 loquitur,
1221 1915 1345 2000 sed-to,-

312 2026 378 2082 tum
402 2016 538 2081 classem
567 2016 733 2081 hominum
756 2015 1007 2102 comprehendit,
1021 2026 1053 2081 et
1083 2016 1245 2100 admonet,
1282 2040 1344 2083 neo

312 2118 406 2185 aliter
444 2120 477 2181 in
514 2119 668 2204 proximis
704 2119 760 2181 καὶ
794 2111 879 2194 ὅσοις
915 2128 972 2182 νοῦ
1004 2119 1059 2181 καὶ
1093 2116 1222 2205 σμικρὸν
1255 2130 1346 2206 μετῇ.ι

310 2221 407 2287 Unde
434 2229 568 2307 apparet
590 2219 670 2283 nihil
697 2220 759 2311 hpc
787 2219 858 2285 loco
883 2219 989 2308 aptius
1011 2240 1082 2285 esse
1111 2220 1272 2287 locutione
1294 2222 1343 2299 οἶς

311 2316 353 2388 clu
375 2320 403 2397 ἦ.
733 2342 739 2349 “
932 2376 935 2381 .
1178 2322 1180 2329 ’

397 2425 504 2506 Quam
525 2428 552 2489 si
580 2423 777 2496 confidenter
807 2426 921 2513 reponi
951 2426 1061 2513 jubeo,
1102 2447 1167 2492 non
1191 2426 1342 2493 codicum
1458 2468 1461 2473 ,

310 2530 407 2596 modo
430 2526 538 2593 indole
559 2527 645 2592 hanc
666 2528 856 2592 senteutiam
871 2528 1024 2611 defendo,
1047 2528 1211 2616 nequead
1233 2552 1337 2596 exem·

310 2633 367 2722 pla
391 2632 573 2697 criticorum
605 2639 731 2695 tantum
764 2651 905 2716 provoco
938 2622 979 2692 ἄν
1000 2629 1188 2696 addentium
1210 2632 1265 2712 (cs.
1288 2638 1342 2699 su·²

311 2723 394 2824 pra),
430 2732 487 2800 sed
508 2732 673 2819 exipsius
708 2730 804 2818 hujus
832 2731 898 2796 loci
919 2740 1034 2796 nutura
1065 2732 1238 2819 profectus,
1275 2734 1346 2800 sui·

192 2840 198 2850 ’
312 2838 447 2922 fragium
476 2835 557 2900 fero.
616 2833 699 2900 Satis
733 2835 820 2898 enim
852 2843 977 2900 constat
1009 2836 1043 2899 in
1067 2836 1196 2922 optimis
1220 2836 1338 2903 codici-

249 2988 251 2991 -
311 2940 372 3006 bus
385 2940 417 3019 ²¹¹)
438 2938 502 3024 legi
525 2937 572 3014 οἶς
596 2929 622 3010 ἦ.
666 2936 756 3002 Haeo
779 2946 884 3000 autem
908 2935 1014 3010 forma
1035 2937 1239 3013 commodum
1262 2939 1339 3007 faci»

309 3043 439 3129 lemque
468 3042 513 3104 ita
545 3039 644 3104 habet
670 3037 876 3125 explicatum,
921 3041 948 3104 si
970 3061 1069 3128 quum
1102 3039 1227 3128 aliquot
1259 3041 1340 3108 litte-³

307 3166 365 3210 rae
393 3145 427 3210 in
450 3142 560 3207 codice
582 3142 727 3229 antiquo,
765 3143 874 3206 nescio
902 3163 966 3230 quo
997 3163 1082 3225 casu,
1120 3144 1342 3228 evanuissent*

307 3247 371 3311 hoc
391 3254 518 3310 tantum
540 3269 559 3318 η
584 3266 605 3308 s
626 3243 756 3308 librario
784 3245 949 3309 etiamtum
982 3245 1151 3310 statuimus
1184 3247 1342 3332 cognosci·

308 3349 452 3436 potuisse
474 3349 530 3430 (cf.
554 3355 661 3412 tumen
683 3341 792 3432 pollii.
831 3345 896 3412 Sed
917 3348 1063 3434 primitus
1084 3371 1150 3415 nou
1165 3349 1248 3415 duee
1269 3347 1336 3416 lite·

307 3474 365 3517 rae
385 3459 509 3514 tantum
524 3475 543 3524 η
561 3476 572 3511 ι
594 3448 774 3529 adfuerant,
800 3447 856 3514 sed
873 3448 999 3534 signum
1013 3472 1140 3538 quoque
1161 3452 1338 3540 particulae

309 3552 360 3617 ἄν.
397 3552 493 3633 Quod
514 3552 655 3638 deniquo
673 3551 706 3615 in
727 3550 825 3616 altero
845 3551 989 3617 membro
1009 3546 1149 3629 ὅσοις-
1169 3566 1247 3641 μετῇ
1264 3580 1336 3644 par.

308 3654 408 3720 ticuls
430 3655 529 3736 deest,
564 3653 597 3718 id
618 3657 725 3720 nescio
749 3646 796 3718 au⁴
812 3676 854 3718 ex
878 3672 1026 3720 eo‘more
1048 3655 1170 3720 factum
1189 3660 1239 3741 sit,
1272 3682 1336 3748 quo

308 3758 389 3825 haec
408 3757 571 3845 particula
591 3755 717 3822 duobus
742 3756 887 3845 ejusdem
908 3759 1034 3842 generis
1056 3761 1227 3824 enuntiatis
1253 3782 1337 3827 com·

281 3862 417 3926 ςοιιιιιίι
440 3857 523 3941 (ἀπὸ
543 3866 662 3941 ιιοινοῆ
692 3860 772 3946 poni
806 3860 919 3945 potuit.
978 3858 1108 3924 Similis·
1129 3870 1222 3927 uerte
1252 3863 1337 3930 alius

185 3983 190 3990 ·
309 3962 400 4041 locos
420 3965 455 4029 in
484 3963 535 4028 his
557 3962 666 4048 logum
686 3961 778 4026 libris
803 3960 952 4045 habetur,
988 3964 1043 4051 qui
1070 3972 1119 4028 est
1139 3958 1203 4029 866
1214 3964 1339 4033 D-E:

309 4069 400 4151 Seps}
423 4063 486 4148 γάρ
508 4061 547 4139 δὴ
568 4063 754 4148 πέπρακται
780 4065 926 4140 καὶτοῖς
953 4058 1038 4129 ὅσοι
1061 4058 1109 4131 du
1128 4067 1274 4154 ἐξαίφνης
1296 4102 1337 4126 ...ι

235 4239 239 4244 ,
309 4169 524 4254 διαφθείρωσί,
538 4189 615 4231 τινα
630 4200 681 4246 -·-,
724 4169 816 4251 θυμῷ
833 4166 867 4229 δὲ
880 4169 935 4230 καὶ
955 4160 1043 4231 ὅσαι
1062 4171 1338 4249 apostol-amitina
1437 4157 1440 4164 ⁴

310 4293 361 4347 τις
381 4266 490 4354 λόγοις
510 4263 528 4344 ἢ
550 4269 604 4331 nul
627 4263 753 4353 ἀτίμοις
777 4271 875 4353 ἔργοις
897 4267 1141 4354 μεταδιώκοντες
1162 4270 1223 4348 τὴν
1242 4277 1336 4359 rupit:
1361 4335 1364 4342 ,

251 4363 271 4425 -l
309 4374 381 4458 plau
400 4365 537 4458 ὕστερον
557 4367 770 4433 οἷποκτιίσοισί
788 4394 865 4434 τινα
885 4372 1094 4453 βουληθέντες.
1109 4385 1249 4458 κτεῖναι,
1279 4377 1337 4440 uel

314 4513 518 4525 m

379 4578 411 4702 ‘p
438 4576 472 4632 d·
488 4576 547 4632 ssu.
567 4578 652 4634 Paris.
673 4576 821 4636 masam
840 4575 927 4635 denuo
944 4575 1056 4636 Felsina
1091 4583 1094 4590 '
