3567 5500
806 768 850 841 89

312 987 372 1028 τον
398 962 480 1026 εἶναι
508 959 673 1025 δύνασθαι
695 958 750 1023 did
777 965 848 1046 βίον
876 954 973 1026 πόλιν
996 952 1072 1035 ὅλην
1094 956 1149 1037 ζῆν
1172 957 1341 1048 προίττον·

311 1090 377 1128 σαν
396 1061 606 1134 τοῦτο,ἱΠιι(1
627 1061 769 1127 δυ’νατον
788 1066 870 1129 εἶναι
889 1059 1052 1128 δύνασθαι
1074 1062 1284 1129 intolerabile·
1298 1064 1342 1129 vi·

312 1166 460 1232 debatur.
503 1166 573 1231 Nec
602 1166 719 1252 injuria
742 1167 866 1253 opinor.
910 1166 994 1231 Nam
1027 1164 1107 1229 haeo
1137 1174 1221 1230 certe
1245 1168 1342 1252 peris-

311 1268 438 1354 sologia
460 1268 575 1334 durior.
590 1267 647 1351 est,
669 1290 767 1354 quam
787 1290 870 1355 quae
889 1268 1058 1333 Platonem
1080 1267 1202 1350 deceat,
1226 1290 1342 1354 neque,
1360 1261 1384 1306 ⁷·

312 1380 471 1459 quantum
495 1370 600 1458 video,
632 1370 732 1434 ullam
755 1369 854 1434 habct
876 1369 1131 1445 excusationem
1170 1391 1253 1456 quae
1276 1392 1343 1433 non

313 1473 406 1537 dees't
424 1472 489 1537 illis
512 1469 680 1557 exemplis,
712 1493 795 1558 quae
815 1471 928 1536 Astius
952 1476 995 1555 (p.
1019 1465 1073 1549 82)
1097 1470 1342 1555 diligentissime

314 1575 458 1647 contulit.
493 1574 748 1638 Alterumutrum
770 1574 870 1657 igitur
882 1582 938 1637 aut
952 1571 1116 1635 δύνασθαι
1130 1581 1186 1637 aut
1199 1570 1343 1637 δύνατον

312 1677 394 1740 εἶναι
416 1677 451 1739 in
473 1677 652 1760 marginem
681 1674 891 1760 relegandum
921 1684 977 1740 est.
1031 1673 1100 1739 Nec
1124 1675 1241 1761 injuria
1262 1674 1342 1741 Her·

245 1837 250 1843 .
312 1800 469 1843 mannum
492 1776 632 1843 arbitror
652 1777 823 1842 articulum
850 1774 928 1858 τῶν,
972 1778 1026 1863 qui
1051 1799 1125 1863 pag.
1147 1770 1238 1843 7650
1269 1786 1343 1841 ante

311 1880 661 1966 προχειροτονηθέντων
693 1879 820 1964 legitur,
858 1889 895 1943 ut
927 1879 1086 1969 maculam
1110 1880 1246 1943 orationi
1268 1877 1342 1945 Pla·

312 1984 395 2047 tonis
418 1981 577 2047 abstersit.
626 1980 779 2053 'Necdum
805 1982 890 2045 enim
913 1981 982 2045 noti
1006 1990 1061 2045 aut
1085 1980 1244 2065 designati
1268 1990 1342 2045 sunt

311 2084 361 2149 illi
383 2085 496 2167 viginti
515 2085 579 2148 viri
608 2083 666 2148 sed
690 2106 763 2147 cum
787 2084 930 2147 maxime
951 2082 1196 2147 introducuntur
1220 2092 1252 2147 et
1279 2084 1357 2169 pri.

311 2209 402 2253 mum
431 2188 647 2251 nominantur.
706 2184 751 2249 At
777 2186 904 2249 inerant
936 2184 997 2249 hae
1029 2182 1140 2249 literae
1163 2187 1198 2248 in
1222 2184 1342 2266 codice,

310 2311 371 2355 nec
404 2298 515 2354 tamen
551 2286 686 2369 articuli,
731 2287 788 2351 sed
821 2287 1053 2357 terminationis
1090 2288 1225 2371 genitivi
1264 2311 1341 2367 των,

311 2414 395 2479 quae
429 2390 604 2477 aliquando
636 2389 794 2455 vocabulo
826 2387 981 2474 λαχόντες
1014 2390 1229 2476 superscripta
1263 2398 1341 2471 erat,
1384 2408 1387 2416 “

206 2537 210 2543 ·
311 2503 425 2581 postea
444 2491 569 2557 articuli
585 2493 717 2556 nomine
735 2492 771 2555 in
790 2492 936 2557 ordinem
957 2490 1183 2556 descendebat.
1221 2490 1342 2555 Verum

310 2597 393 2661 haec
422 2594 514 2660 varia
535 2594 630 2659 lectio
651 2593 736 2658 falsa
764 2604 833 2659 erat
854 2604 886 2658 et
912 2614 1028 2675 errore,
1067 2601 1103 2657 ut
1126 2592 1263 2675 videtur,
1300 2616 1342 2659 ex

315 2697 497 2786 insequenti
519 2697 661 2783 genitivo
683 2693 852 2782 λαχόντων
876 2703 962 2760 nata.

398 2800 496 2864 Pauci
523 2799 664 2886 denique
695 2808 818 2864 restant
847 2798 923 2878 loci,
960 2797 1139 2884 dequibus
1172 2821 1270 2887 quum
1301 2801 1342 2866 ab

315 2925 381 2967 uno
412 2903 553 2969 alterove
586 2903 759 2988 interprete
792 2900 896 2966 simile
932 2900 1121 2984 suffragium
1154 2902 1256 2968 latum
1293 2905 1341 2986 sit,

314 3005 392 3070 mihi
428 3014 538 3069 tamen
571 3003 668 3069 aliter
701 3004 829 3070 videtur
859 3001 1084 3090 judicandum.
1137 3004 1216 3090 Pag.
1238 3001 1342 3073 6461)

312 3107 522 3172 Hermannus
543 3105 650 3172 verbis
672 3104 824 3182 doadsog
844 3105 1030 3179 διανοητέον
1060 3105 1224 3172 cancellos
1252 3107 1342 3174 adhi-

313 3210 390 3292 buit,
430 3208 660 3274 Stallbaumius
687 3207 855 3274 lectionem
886 3207 979 3274 codd.
1000 3209 1082 3272 tueri
1106 3208 1219 3290 studet,
1259 3230 1342 3295 quae

312 3321 377 3377 est:
406 3313 461 3373 καὶ
481 3321 537 3387 τῆς
554 3313 626 3397 περὶ
647 3308 708 3375 τὸν
729 3312 817 3375 οἶνον
834 3307 899 3396 ἄρα
921 3311 1081 3396 διατριβῆς
1102 3307 1252 3387 ον’σαῦτως
1273 3314 1341 3375 δια·

312 3413 455 3494 νοητέον,
492 3413 575 3500 εἴπερ
595 3421 641 3478 ἔνι
662 3424 765 3492 τοῦτο
795 3417 827 3477 ἐν
849 3412 977 3488 τούτοις
1001 3411 1102 3499 ὀρθῶς
1124 3411 1341 3489 διανοηθῆναι.

237 3558 242 3564 ·
312 3515 377 3581 Sed
401 3517 512 3603 utique
537 3516 733 3598 Boeokhins,
769 3518 820 3581 vir
850 3538 1002 3597 summus,
1038 3537 1138 3601 quum
1165 3519 1236 3601 περὶ
1270 3528 1343 3604 post

312 3621 471 3703 διατριβῆς
491 3619 591 3686 inseri
607 3616 746 3704 jubebat
766 3619 812 3698 (in
830 3619 909 3683 Min.
934 3641 966 3703 p.
979 3613 1064 3699 119),
1090 3620 1251 3704 quomodo
1273 3643 1343 3686 suc·
1392 3666 1394 3672 -
1501 3601 1509 3611 ’

312 3720 507 3787 emrendum
539 3730 631 3803 esset,
668 3721 845 3806 perspexit.
902 3719 1016 3786 Stallb.
1041 3721 1127 3785 enim
1150 3721 1237 3807 quod
1267 3745 1341 3788 cum

312 3823 455 3909 genitivo
478 3826 679 3892 &sororiabat
701 3824 843 3887 construi
874 3845 940 3887 non
972 3845 1067 3908 posse
1090 3823 1269 3890 concedens
1290 3846 1342 3910 ge·

313 3927 448 3991 nitivum
477 3926 610 3991 fortasse
633 3923 812 3990 absolute
833 3923 910 3989 huic
931 3923 1029 3991 verbo
1060 3923 1225 4012 adjungi
1247 3949 1342 4013 posse

312 4026 397 4109 dicit,
433 4029 576 4112 argutior
596 4028 679 4093 haec
700 4027 861 4092 distinctio
888 4035 936 4092 est
966 4049 1063 4114 quam
1087 4029 1203 4097 verior.
1247 4028 1341 4115 Num,

312 4131 461 4215 quamvis
476 4152 573 4216 saepe
595 4127 755 4217 ejusmodi
777 4127 852 4194 licet
869 4131 1002 4215 genitivi
1027 4129 1204 4214 „absoluti“
1221 4131 1342 4195 inveni·

311 4240 416 4321 antur?
436 4232 479 4298 ab
503 4231 669 4313 hocloco,
693 4230 785 4317 cujus
809 4234 1003 4298 constructio
1026 4240 1073 4297 est
1095 4231 1341 4318 simplicissima,

311 4342 386 4397 sunt
400 4333 508 4398 alieni.
553 4332 620 4398 Sed
634 4331 814 4419 paullisper
826 4334 861 4397 in
876 4332 928 4397 his
944 4334 1105 4418 genitivis,
1129 4355 1209 4420 quos
1226 4331 1340 4398 Stallb.

310 4435 399 4515 dicit,
433 4457 604 4503 moremur.
648 4433 839 4516 Proficiscor
859 4456 880 4498 a
903 4443 989 4499 certo
1014 4443 1045 4500 et
1069 4433 1211 4500 dilucido
1234 4455 1340 4500 exem·
1427 4423 1432 4431 ⁸

310 4535 377 4623 plo,
413 4537 502 4624 quod
521 4535 635 4606 Stallb.
658 4557 701 4600 ex
722 4534 867 4601 Platonis
887 4537 1055 4624 republica
1076 4559 1151 4625 pag.
1172 4531 1268 4603 47οΑ
1297 4534 1341 4600 af·
