3567 5500
807 776 850 853 di

312 967 399 1047 τινά,
434 970 518 1047 πλὴν
549 966 621 1040 τῶσ
637 967 702 1038 ὅσα
731 976 765 1039 ἐν
787 973 885 1058 ἀγῶνι
911 985 977 1049 τῶν
1008 974 1147 1061 δημοσίᾳ
1174 973 1345 1062 vasatium

312 1071 499 1138 ἀθλεύοντά
530 1104 564 1141 τι
594 1088 748 1142 τοιοῦτον
778 1075 881 1164 δράσῃ
912 1086 944 1143 et
973 1077 1087 1166 paullo
1122 1090 1197 1167 post
1224 1077 1280 1143 etv
1307 1078 1342 1143 dl

312 1174 440 1263 ddmxdv
457 1205 492 1241 τι
511 1187 611 1264 ψυχῆς
630 1177 805 1267 ἄνθρωπον
822 1177 969 1267 στερήσῃ,
1003 1178 1087 1256 πλὴν
1110 1175 1175 1247 ὅσα
1195 1180 1343 1269 κεραυνὸς

311 1277 330 1356 ἤ
353 1308 387 1345 τι
408 1278 501 1368 παραὶ
521 1287 600 1345 θεοῦ
620 1294 772 1347 τοιοῦτον
795 1284 883 1367 βέλος
906 1280 968 1366 ἰὸν,
1006 1293 1073 1347 τῶν
1094 1284 1129 1346 δὲ
1150 1278 1258 1349 ἄλλων
1278 1277 1342 1349 ὅσα

311 1381 398 1459 τινὸς
417 1384 655 1469 προςπεσόντος
674 1378 690 1461 ἢ
713 1385 797 1448 αὐτὰ
815 1387 953 1470 ἐμπέσοι»
972 1388 1076 1471 κτείνῃ
1096 1383 1182 1456 τινά.
1246 1388 1341 1453 Utro·

312 1507 376 1571 que
407 1486 479 1551 leco
510 1490 649 1553 omissae
678 1487 860 1574 particulae
889 1480 931 1552 civ
952 1487 1067 1554 Stallb.
1097 1489 1339 1554 excusationem

312 1588 479 1674 quandam
499 1590 663 1654 invenisse
682 1589 745 1654 sibi
766 1589 907 1671 videtur,
929 1590 1018 1678 quod
1038 1590 1163 1655 scilicet
1183 1590 1340 1678 hypothe·
1454 1644 1459 1653 .

310 1691 376 1755 tica
407 1692 584 1755 enuntiatio
606 1712 634 1755 c.
656 1689 713 1754 lviv
742 1682 905 1778 particula
934 1686 1115 1777 antecedat,
1151 1695 1244 1781 cujus
1272 1694 1340 1757 vim

312 1791 355 1856 ad
381 1814 430 1875 ca,
465 1801 549 1880 qua'e
570 1804 760 1882 sequuntur,
794 1816 924 1882 quoque
946 1794 1071 1882 aliquid
1099 1794 1210 1861 valere
1234 1795 1341 1859 existi·

311 1904 388 1959 mat.
431 1895 475 1959 At
496 1895 633 1961 diversis
656 1907 689 1962 et
709 1897 877 1985 disjunctis
898 1898 932 1961 in
953 1897 1127 1962 enuntiatis
1148 1900 1245 1989 unius
1266 1918 1341 1984 par·

309 1997 430 2062 ticulac
451 1996 553 2062 semel
573 2001 699 2085 positae
718 2002 785 2065 vim
807 1997 929 2081 valere,
950 1998 1054 2064 donec
1073 2000 1146 2064 aliis
1168 1998 1339 2065 similibus-

311 2122 375 2186 que
403 2100 564 2187 exemplis
586 2101 747 2167 fitmatum
769 2104 837 2183 enit,
870 2124 940 2166 non
970 2102 1135 2167 statuerim
1155 2102 1198 2186 *).
1254 2102 1340 2167 Nam

310 2202 409 2289 plane
429 2203 520 2267 aliud
541 2213 573 2269 et
591 2204 693 2269 multe
717 2203 897 2291 simplicius
916 2212 976 2286 est,
1007 2203 1095 2292 quod
1117 2226 1216 2291 supra
1231 2205 1339 2288 attigi,

310 2303 366 2369 ubi
388 2327 421 2391 p.
442 2301 541 2371 9201)
563 2305 703 2370 vidimus
725 2299 749 2369 ἅ
769 2301 810 2370 ἄν
830 2304 1049 2393 supplendum
1070 2328 1150 2389 esse,
1187 2304 1234 2373 ibi
1254 2308 1340 2371 enim

311 2406 398 2471 idem
431 2409 633 2473 enuntiatum
667 2409 826 2494 particula
856 2409 1052 2497 disjunctiva
1082 2402 1101 2485 ἢ
1135 2407 1342 2510 contiuualpa·

311 2518 372 2575 tur.
424 2510 488 2575 Hic
509 2532 587 2575 vero
609 2520 759 2597 separata
780 2521 856 2576 sunt
876 2514 1054 2594 enuntiata,
1087 2533 1146 2577 sua
1167 2521 1341 2597 utcumque
1438 2574 1442 2582 ,

312 2613 536 2699 conjunctione
549 2612 766 2677 intunductuni
775 2635 932 2706 suamquc
940 2614 1212 2679 constructionem
1220 2622 1341 2677 utrum·

313 2736 377 2801 que
397 2712 590 2802 efflagitans.
673 2759 680 2780 .

397 2816 442 2882 At
468 2819 554 2882 enim
583 2840 672 2901 vero,
714 2818 794 2906 quid
821 2819 954 2883 omnino
989 2820 1023 2883 in
1056 2818 1107 2882 his
1140 2818 1338 2884 secundariis

311 2917 460 2985 membris
475 2923 713 2986 constructione
727 2943 809 3008 opus
823 2931 881 3004 est,
903 2943 969 3008 qua
982 2943 1080 3008 quam
1101 2920 1243 3008 plurima
1255 2941 1343 2987 com·

309 3021 466 3108 prehcndi
487 3015 694 3107 significetur.
749 3022 817 3089 Gur
837 3044 904 3088 nou
926 3023 1054 3109 uulgari
1075 3034 1108 3089 et
1130 3023 1272 3110 simplici
1291 3045 1340 3088 re·

309 3123 408 3190 latino
432 3146 507 3190 eum
534 3125 711 3191 indicative
737 3128 880 3191 contenti
902 3123 1027 3190 simus?
1069 3122 1139 3190 Nec
1162 3123 1339 3211 quidquam

311 3225 484 3292 indicativo
502 3230 610 3315 aptius
634 3237 710 3316 post
729 3225 920 3314 particulam
941 3223 1034 3304 πλήν,
1067 3247 1161 3314 quac,
1194 3247 1338 3312 praeser-

310 3329 366 3393 tim
391 3332 418 3394 si
446 3329 601 3396 articulus
623 3329 797 3396 relativum
816 3328 988 3412 antecedit,
1025 3327 1216 3416 simpliciter
1237 3338 1339 3394 tutem

309 3441 342 3496 et
361 3432 500 3498 solutam
522 3432 659 3498 classem
680 3434 830 3522 cncipere
851 3432 988 3497 videtur.
1046 3431 1263 3497 indicativum
1283 3432 1341 3518 igi·
1387 3427 1392 3435 ’

309 3544 362 3601 tur
384 3535 518 3602 modum
538 3535 771 3602 restituendum
791 3557 862 3600 esse
890 3535 1032 3600 dicimus
1049 3531 1146 3614 (πλὴν
1167 3544 1244 3617 τῶν,
1274 3534 1339 3613 dua

310 3636 421 3724 δράσει
444 3648 477 3703 et
496 3649 564 3702 τῶν
583 3635 701 3715 ἄλλων,
736 3631 801 3703 ὅσα
823 3676 867 3686 -
887 3639 1021 3720 κτείνει).
1074 3635 1212 3702 Mutatio
1232 3645 1340 3702 autem

311 3741 507 3827 conjunctivi
525 3763 600 3805 cum
633 3739 820 3817 indicativo,
857 3763 958 3828 quum
989 3760 1049 3826 per
1074 3737 1134 3804 hos
1156 3737 1255 3802 libros
1278 3737 1340 3804 fre·

311 3864 414 3930 quens
443 3853 501 3926 est,
535 3854 605 3908 tum
634 3843 698 3909 hcc
730 3843 803 3908 loco
833 3853 966 3930 propter
990 3841 1137 3930 primarii
1169 3838 1341 3927 utrobique

310 3944 402 4011 verbi
425 3945 509 4012 finiti
528 3946 662 4012 modum
683 3947 718 4010 in
730 3945 939 4010 secundarios
959 3943 1055 4010 facile
1068 3941 1182 4008 inferri
1203 3951 1339 4030 poterat.

394 4047 488 4115 Idem
513 4050 693 4114 remedium
722 4048 818 4116 facile
840 4056 873 4113 et
893 4045 1098 4114 commodum
1121 4044 1339 4110 adhibendum

313 4158 384 4216 ess‘e
405 4167 574 4217 censemus
592 4151 643 4216 illi
674 4149 758 4235 loco,
800 4152 858 4240 qui
886 4159 935 4216 cst
965 4171 997 4236 p.
1020 4141 1120 4216 8780
1144 4142 1207 4212 ὅσα
1235 4147 1271 4210 δέ
1291 4171 1340 4222 τις

311 4250 438 4340 τρώσας
458 4253 534 4319 τινὰ
554 4252 596 4340 μὴ
617 4252 718 4341 μόνον
738 4252 870 4340 didm
891 4250 953 4328 τὴν
973 4249 1080 4335 πόλιν,
1116 4259 1153 4317 ut
1171 4249 1340 4332 scribam,

380 4496 405 4565 ⁸)
440 4497 582 4551 dissimilia
598 4501 661 4550 sunt
679 4511 746 4564 quse
763 4495 878 4562 liniger.
899 4498 1037 4562 grammat.
1054 4495 1078 4556 ξ.
1097 4491 1139 4556 69,
1156 4493 1181 4556 ¹1,
1198 4493 1216 4542 4
1234 4489 1346 4558 attingit

312 4583 357 4650 (ci.
375 4583 486 4638 cundem
503 4585 539 4637 sd
559 4585 679 4652 stucyd.
695 4583 728 4636 V.
746 4583 790 4649 8⁶,
801 4587 832 4636 -2,
858 4580 906 4633 VI.
923 4583 966 4644 st,
984 4581 1029 4646 t.).

1154 4682 1191 4736 μ
