3567 5500
789 765 891 878 57¹

256 959 333 1024 ‘ad
354 959 407 1046 Aj.
426 952 512 1037 759).
566 958 632 1024 Sed
660 979 747 1036 cave,
783 979 825 1022 ne
851 959 929 1022 inde
950 961 1186 1046 properantius⁴
1202 961 1324 1050 aliquid

292 1061 333 1126 de
354 1082 471 1147 prosae
493 1061 649 1125 orationis
669 1084 733 1126 usu
756 1060 943 1131 concludas.

374 1162 469 1243 Nam,
506 1163 535 1226 si
560 1161 774 1249 Bernhardyo
807 1163 930 1247 credas,
967 1164 1055 1251 apud
1087 1168 1225 1232 comicos
1256 1170 1325 1254 qui·
1363 1237 1366 1244 ,

249 1283 252 1290 ·
291 1266 366 1330 dem
386 1265 559 1349 vestigium
582 1268 718 1331 occurrit
740 1264 875 1332 nullum,
933 1265 1080 1332 Comicos
1111 1279 1229 1350 autem,
1266 1272 1324 1334 im-

292 1368 404 1455 primis
426 1355 684 1452 Aristophanem,
720 1376 847 1432 constat
865 1369 900 1431 in
928 1367 1045 1433 talibus
1065 1372 1259 1436 certissimos
1288 1382 1323 1437 ut

291 1469 434 1554 vulgaris
465 1467 605 1554 linguae,
643 1471 689 1534 sic
720 1491 836 1556 prosae
869 1472 1022 1535 orationis
1055 1471 1323 1539 consuetudinum

292 1593 362 1635 esse
382 1578 491 1650 testes;
519 1580 565 1652 ut,
589 1595 673 1658 quae
692 1572 741 1636 illi
760 1593 779 1635 e
799 1580 978 1636 ceterorum
1000 1581 1167 1659 poetarum
1190 1579 1322 1662 syntaxi

291 1695 358 1737 non
390 1675 624 1759 assumpserint
651 1675 710 1739 sed
741 1676 904 1756 evitarint,
940 1675 1028 1762 apud
1060 1676 1163 1741 bonos
1190 1678 1321 1765 quidem

291 1777 406 1840 atticos
430 1776 602 1861 scriptores
625 1778 683 1840 vix
704 1777 873 1842 admittere
895 1776 999 1842 liceat
1056 1777 1202 1858 Quorum
1232 1783 1320 1846 testi-

292 1877 400 1942 monia
422 1877 555 1964 insuper
575 1899 613 1942 eo
636 1889 713 1944 sunt
732 1881 889 1964 graviora
926 1880 1011 1966 quod
1034 1881 1068 1944 in
1092 1883 1203 1946 metris
1225 1882 1319 1948 lectio

291 1979 411 2065 ubique
429 1980 536 2044 minus
558 1979 658 2044 dubia·
680 1991 738 2046 sut
759 1983 950 2068 conjecturis
974 1981 1117 2047 obnoxia
1138 2006 1209 2050 esse
1227 1984 1319 2050 solet.

286 2080 358 2146 'Sed
378 2089 415 2144 ut
436 2079 480 2144 ad
500 2103 617 2167 prosae
640 2084 793 2147 orationis
812 2086 984 2170 scriptores
1007 2084 1146 2168 redeam,
1174 2095 1240 2152 tam
1262 2089 1319 2151 im-

292 2205 405 2248 mensa
431 2183 570 2249 necdum
592 2207 613 2248 a
634 2208 798 2273 quoquam
832 2189 973 2252 numeris
1004 2188 1246 2275 circumscripta
1269 2211 1321 2255 eo·

292 2309 365 2350 rum
386 2284 531 2349 locorum
551 2296 602 2351 est
622 2287 807 2370 multitudo,
840 2290 897 2376 qui
919 2289 1068 2376 regulam
1099 2290 1320 2378 comprobant,

292 2397 328 2452 ut
347 2387 446 2474 plane
463 2398 639 2453 evanescat
657 2392 795 2475 exiguus
816 2390 871 2456 ille
888 2413 1053 2476 numerus,
1085 2415 1149 2480 quo
1171 2395 1319 2480 exceptio

294 2490 487 2559 defenditur.

376 2592 476 2679 Apud
505 2593 718 2677 Herodotum,
755 2597 784 2660 si
809 2593 934 2660 Steinio
965 2595 1047 2660 fides
1079 2597 1231 2662 habenda
1261 2607 1319 2679 est,

294 2696 357 2761 duo
378 2705 505 2763 tantum
529 2698 599 2785 ejus
619 2699 747 2782 generis
769 2696 832 2762 loci
863 2699 1074 2764 inveniuntur
1096 2697 1152 2765 lib.
1175 2693 1274 2781 11,85
1287 2700 1319 2779 2)

295 2810 401 2863 τοῖσιν
422 2793 464 2861 ἂν
485 2799 686 2883 ἀπογένηται
711 2804 745 2863 ἐκ
765 2811 832 2864 τῶν
859 2803 966 2865 οἰνέων
988 2797 1154 2887 ἅιῶρωπος
1182 2813 1245 2865 τοῦ
1271 2828 1321 2879 ,τις

291 2903 346 2963 καὶ
367 2897 496 2985 λόγοςῆ
530 2912 563 2966 et
586 2902 645 2969 IV.
667 2900 711 2969 46
733 2915 822 2966 τοῖσι
842 2900 904 2988 γάρ
934 2901 1012 2987 μήτε
1033 2902 1139 2969 ἄστεα
1161 2904 1239 2989 μήτε
1259 2907 1320 2970 τά·

289 3028 347 3089 χεα
370 2999 389 3087 ᾗ
409 3006 576 3089 ἐκτισμένα
596 3000 683 3066 ἄλλο’
704 3012 789 3082 ἔωσι,
813 3005 927 3091 οἴκημα
948 3032 986 3069 τε
1005 3020 1066 3092 σφι
1084 3003 1112 3091 ᾖ.
1154 3007 1238 3073 Nam
1259 3016 1320 3073 ter·

289 3108 345 3187 tio,
377 3128 474 3192 quem
504 3104 545 3170 G.
565 3105 737 3171 Hermann
766 3108 860 3172 affert
882 3108 940 3193 (de
968 3110 1081 3194 partic.
1111 3105 1153 3173 οἷν
1187 3133 1219 3195 p.
1243 3106 1319 3192 116)

291 3209 466 3293 atquesic
494 3209 617 3273 scribit:
656 3202 743 3285 ὅσοις
764 3207 803 3283 δὴ
824 3205 934 3294 ἄνδρες
957 3210 1100 3295 πολέμιοι
1121 3211 1320 3297 ἀραιρημένοι

291 3311 363 3396 ἐῶσι
381 3308 451 3390 (IV.
473 3305 536 3393 oo,
567 3313 693 3375 etiamsi
714 3313 754 3375 in
772 3314 905 3397 optimis
929 3311 1093 3377 codicibus
1116 3313 1244 3379 deesset
1265 3307 1319 3392 ἂν,

291 3410 371 3475 nihil
391 3410 517 3477 tacilius
538 3416 735 3479 correctione
757 3415 841 3479 foret
861 3408 967 3478 ὅσοισι
989 3414 1027 3489 δὴ
1050 3409 1092 3479 ἂν
1113 3412 1231 3500 ἄνδρες.
1274 3416 1317 3481 Η.

289 3512 380 3579 Stcin
402 3517 437 3578 in
470 3516 611 3582 editione
644 3516 777 3582 exhibet
803 3510 907 3579 ὅσοισι
933 3511 975 3581 ἂν
1004 3518 1043 3592 δὴ
1066 3517 1190 3603 ἄνδρες
1233 3518 1320 3584 Beer

290 3608 394 3679 ὅσοισι
414 3614 535 3703 ἄνδρες,
578 3618 633 3683 De
653 3619 712 3687 IV.
735 3613 800 3685 172
822 3619 862 3687 ct.
883 3619 1016 3707 Sauppe
1037 3643 1088 3706 ep.
1112 3623 1180 3688 crit.
1202 3644 1234 3706 p.
1245 3616 1297 3687 89.

373 3720 473 3806 Apud
494 3721 717 3808 Thucydidem
738 3722 797 3789 IV,
819 3719 871 3804 17,
891 3715 922 3787 2.
957 3720 1034 3797 τοιές
1061 3724 1095 3784 δὲ
1126 3721 1240 3805 λόγοις
1259 3748 1318 3807 pa-

289 3821 453 3907 νροτέρους
477 3821 516 3885 οὗ
540 3823 633 3910 παρα
657 3822 701 3887 τὸ
727 3822 838 3899 εἰοθὸς
863 3834 1061 3909 μηκσνοῦμεν,
1106 3822 1176 3885 ἀλλ’
1206 3822 1316 3908 ἐπιχεί-

289 3948 355 4008 ριον
375 3918 413 3987 ὂν
441 3924 524 4009 ἡμῖν,
557 3923 602 3989 οὗ
621 3927 678 4011 μέν
703 3930 829 4011 βραχεῖς
855 3923 999 4012 οἷρκιῖσι
1024 3924 1065 4010 μὴ
1092 3931 1225 4003 πολλοῖς
1244 3938 1336 4012 χρῇ-1

288 4030 380 4102 usas,
415 4028 542 4091 πλείοσι
563 4029 609 4105 δὲ,
645 4026 721 4111 inci
747 4022 790 4091 ἂν
812 4025 955 4115 nuperi
982 4025 1196 4105 διδιίοιιοντιές
1214 4068 1255 4077 -
1276 4028 1317 4093 vd

287 4128 360 4193 δέον
381 4126 550 4214 πράσσειν,
577 4130 750 4219 inquibus
771 4152 838 4195 non
858 4130 974 4197 modus
997 4141 1122 4197 tantum
1141 4132 1199 4197 sed
1221 4134 1318 4197 etiam

356 4387 465 4451 ⁹)hoe
489 4387 624 4440 divorum
649 4405 706 4441 uc
730 4388 798 4440 dicit
821 4389 1318 4455 Kruger.gr.gr.11.§.ss,15,s.

281 4466 433 4535 ’Δνοιιίοι
463 4474 694 4543 οιοᾱριωωᾶίι,
718 4473 910 4539 adtamen
926 4490 1032 4541 quoque
1055 4475 1221 4527 nuntiatum
1236 4476 1317 4541 pcrti-

286 4571 358 4608 ncrc.
519 4586 526 4596 ·
673 4605 676 4610 ⁴
