3567 5500
751 737 836 822 '73

221 956 228 971 '
304 944 483 1014 faciliorem
506 942 753 1031 explicationem
778 941 909 1009 habent.
952 941 1161 1031 Thucydides
1184 944 1270 1009 enim
1291 931 1330 1009 si·
1418 976 1421 983 ν

304 1048 380 1113 dicit
401 1047 443 1112 V.
464 1044 494 1114 7.
528 1046 568 1109 σύ
592 1043 776 1131 βουλόμενος
805 1044 924 1121 αύτούς
958 1044 1011 1108 mol
1039 1042 1079 1108 τὸ
1105 1048 1137 1110 ἐν
1163 1056 1210 1130 τῷ
1231 1044 1331 1129 ,αύτῷ

294 1149 495 1236 ’καθημένους
515 1146 708 1235 βαρύνεσθαι
727 1146 900 1232 ἀναλαβών
921 1146 984 1232 ἦγε,
1013 1148 1098 1213 duas
1122 1148 1330 1213 constructio·

302 1275 361 1319 nes
381 1253 567 1317 commiscet
592 1250 667 1315 has:
705 1247 760 1313 deal
782 1249 823 1313 τά
848 1255 1016 1325 καθῆσθαι
1038 1258 1070 1314 et
1091 1250 1151 1331 (ἀς,
1175 1242 1245 1328 cive)
1273 1273 1329 1311 κα-

301 1355 453 1441 θημένους
474 1362 505 1417 et
527 1354 649 1439 pariter
671 1353 706 1417 in
729 1354 846 1418 ceteris
868 1352 1036 1439 exemplis.
1079 1352 1123 1416 At
1145 1351 1207 1415 hoo
1225 1372 1267 1415 ex
1288 1349 1330 1415 le-

302 1457 396 1543 gibus
419 1454 501 1535 loco,
540 1454 581 1519 de
610 1476 673 1542 qno
695 1478 781 1520 nunc
804 1456 939 1540 agimus,
976 1452 1150 1540 prudenter
1170 1451 1330 1517 mehercle

303 1558 484 1625 Stallbaum
510 1555 620 1644 paullo
652 1557 813 1622 diversam
841 1567 938 1643 atque
967 1558 1002 1621 in
1034 1556 1148 1620 ceteris
1169 1557 1256 1620 viam
1281 1555 1329 1619 in·

302 1682 430 1746 gressus
468 1659 623 1747 explicat:
663 1668 808 1746 „poterat
844 1658 911 1731 dici
945 1668 1006 1722 τοῦ
1043 1655 1121 1742 μήτε
1149 1696 1188 1705 -
1219 1656 1330 1720 ἀσκεῖν

303 1764 419 1829 omisso
441 1766 536 1845 ἐῶσα,
560 1771 686 1848 poterat
707 1763 783 1825 item
804 1758 881 1845 μήτε
903 1763 986 1829 ε’ἄσα
1009 1756 1119 1823 ἀσκεῖν
1142 1760 1258 1825 omisso
1281 1781 1329 1825 ar·
1349 1748 1369 1839 ¹⁸
1409 1838 1413 1849 Ι

302 1850 428 1933 ticulo.“
484 1864 533 1929 <At
565 1885 606 1927 ex
640 1872 820 1929 ceterorum
854 1862 1060 1928 similitudine
1097 1861 1329 1948 exemplorum,

301 1989 384 2057 quae
406 1967 448 2032 ad
469 1963 596 2031 Phileb.
617 1960 699 2032 580
729 1974 853 2048 tractat,
892 1963 1029 2029 alteram
1061 1966 1330 2029 constructionem

298 2070 383 2135 hane
404 2078 542 2135 statuere
567 2066 724 2131 debebat:
756 2077 817 2128 τοῦ
847 2064 926 2152 μήτε
951 2062 1032 2131 ἄλλο
1045 2062 1157 2129 ,καλύν
1183 2062 1260 2151 μήτε
1283 2062 1329 2128 eoi
1394 2084 1397 2089 ’
1438 2080 1440 2089 ’

301 2170 379 2259 πρύς
396 2170 457 2235 τᾶν
476 2166 617 2254 πόλεμον
637 2173 748 2246 ἱκανῶς
769 2172 824 2233 ἐᾶν
845 2168 969 2249 ἄσκεῐνς
993 2170 1027 2233 in
1048 2191 1113 2255 qua
1134 2190 1239 2251 neme,
1263 2170 1329 2256 opi·
1421 2202 1426 2216 =

301 2290 371 2357 nor,
406 2272 507 2339 verba
526 2270 604 2357 μήτε
624 2268 725 2334 καλὸν
747 2271 826 2356 μήτε
845 2275 914 2334 κτλ.
941 2274 996 2335 ἐᾶν
1018 2270 1129 2335 ἀσκεῖν
1151 2293 1218 2337 non
1237 2272 1331 2337 inter-

301 2386 444 2464 pretatus
466 2383 565 2440 esset:
597 2374 680 2439 ratio
705 2372 925 2456 interdicendi,
948 2376 1146 2462 nequis-
1170 2382 1330 2459 exerceat;

301 2479 403 2545 altera
424 2487 533 2543 autem
552 2478 757 2559 constructio,
779 2478 984 2564 participium
1006 2474 1087 2559 dico,
1111 2478 1138 2541 si
1156 2462 1246 2543 illam
1268 2486 1330 2541 tur-

302 2582 419 2663 basset,
440 2579 565 2667 aliquid
587 2580 664 2644 novi
684 2580 861 2643 sententiae
881 2578 1053 2643 allaturam
1076 2600 1145 2643 esse
1160 2584 1331 2666 ‘exspecta-

302 2705 364 2748 res.
406 2682 502 2748 Nunc
524 2703 600 2746 vero
622 2691 657 2745 ut
673 2682 742 2768 jam
775 2681 904 2745 monuit.
922 2679 1034 2744 Herm.
1056 2682 1140 2743 ἐῶσα
1159 2690 1232 2768 post
1262 2683 1331 2743 δια-

304 2782 470 2850 κωλύουσα
491 2784 590 2872 plane
613 2793 661 2850 est
680 2805 957 2870 supervacaneum
979 2792 1075 2871 atque
1098 2785 1212 2850 inutile
1225 2785 1267 2866 ²¹²).

389 2888 488 2954 Porro
509 2883 605 2954 886A
627 2909 737 2952 omnes
761 2888 859 2952 critici
882 2887 917 2950 in
936 2884 1045 2950 verbis
1067 2896 1196 2972 πρῶτον
1218 2888 1273 2973 μὲν
1293 2897 1333 2973 γῆ

302 2995 357 3056 καὶ
379 2984 461 3067 ἥλιος
481 2986 591 3076 ἄστρα
612 3015 648 3053 τε
670 2991 724 3053 καὶ
746 2988 793 3052 roi
814 2985 1000 3074 ξύμπαντα,
1032 2987 1113 3053 illud
1143 2991 1206 3072 aul,
1243 2989 1331 3078 quod

303 3092 397 3160 codd.
419 3103 494 3181 post
516 3088 625 3179 ἄστρα
644 3101 764 3175 tenent,
793 3113 851 3156 suo
869 3093 954 3178 jure,
976 3098 1013 3154 ut
1033 3091 1170 3173 videtur,
1202 3091 1329 3158 deleve·

301 3206 378 3262 runt
411 3218 476 3262 nno
506 3193 719 3260 Stallbaumio
752 3194 970 3260 dissentiente.
1025 3191 1058 3256 ls
1094 3195 1179 3258 enim
1214 3196 1331 3262 miram

302 3321 380 3365 sane
411 3297 658 3384 explicationem
692 3318 731 3363 ac
764 3297 985 3362 defensionem
1017 3295 1154 3382 simplici
1186 3297 1331 3364 medelae

302 3401 456 3490 praefert3
480 3399 526 3462 τὰ
543 3396 716 3484 ξύμπαντα
738 3399 860 3464 scilicet
876 3419 943 3464 non
961 3419 1038 3465 cum
1055 3393 1164 3484 ἄστρα
1179 3401 1331 3487 conjungi

302 3503 382 3586 vult,
405 3502 462 3579 sed
477 3503 590 3568 referri
608 3502 701 3588 jubet
722 3502 786 3582 „ad
807 3510 907 3567 totam
929 3521 1036 3566 rerum
1058 3502 1328 3569 universitatem.“

302 3607 347 3673 At
381 3606 624 3672 universitatem
658 3627 765 3670 rerum
801 3605 872 3692 quis
910 3603 1041 3670 tandem
1075 3603 1213 3670 mediam
1248 3608 1331 3676 inter

202 3749 208 3754 -
304 3705 413 3795 ἄστρα
436 3717 468 3774 et
488 3704 535 3770 τά
556 3717 621 3770 τῶν
639 3707 725 3794 ἀρῶν
746 3731 767 3774 a
785 3706 924 3773 Platone
943 3708 1080 3793 positam
1103 3729 1174 3772 esse
1200 3706 1331 3774 credat?

303 3835 388 3901 quas
410 3812 607 3878 enumeratio
628 3820 714 3878 esset
733 3807 914 3895 singularis.
957 3809 1071 3892 Immo,
1093 3810 1173 3874 sicut
1193 3809 1278 3879 infra
1297 3835 1331 3898 p

302 3910 396 3983 899Β
420 3910 539 3998 legitur
569 3908 700 4000 ἄστρων
731 3914 765 3978 δὲ
789 3910 826 3987 δὴ
856 3911 927 3998 πέρι
955 3911 1090 3984 πάντων
1122 3913 1176 3977 καὶ
1205 3910 1332 3998 σελήνης

252 4080 256 4087 ,
305 4019 456 4082 ἐνιαυτῶν
478 4039 515 4078 τε
536 4017 592 4080 καὶ
612 4026 715 4102 μηνῶν
736 4017 790 4080 καὶ
810 4025 928 4080 πασῶν
948 4014 1034 4101 ἀρῶν
1055 4015 1136 4102 πέρι,
1168 4017 1215 4082 sic
1236 4019 1341 4082 eliam.

304 4120 366 4187 hoc
396 4117 469 4186 loco
502 4119 762 4206 conjungendum
795 4127 842 4184 est
872 4112 982 4204 ἄστρα
1005 4115 1040 4182 τε
1070 4117 1128 4184 ccl,
1143 4115 1331 4204 ξύμπαντας

305 4243 404 4288 causa
429 4231 536 4289 antem
564 4221 764 4311 corruptelae
795 4223 831 4286 in
861 4229 973 4307 aperto
1007 4231 1064 4304 est,
1103 4221 1198 4289 modo
1224 4220 1331 4287 locum

305 4323 451 4391 celeriter
483 4322 586 4391 oculis
618 4346 803 4411 percurras:
843 4331 974 4408 πρῶτον
1007 4323 1062 4408 μὲν
1094 4334 1131 4409 ys}
1146 4309 1221 4389 1καὶ
1249 4316 1332 4400 ἥλιος
1434 4347 1436 4356 ’

305 4465 509 4478 m

372 4548 397 4617 ⁶)
432 4547 593 4617 Comprobat
613 4551 694 4602 stiam
709 4549 801 4602 Baiter
816 4548 908 4600 Herm.
927 4546 1092 4600 sententiam.
