3567 5500
981 782 1025 859 84

808 901 833 945 0

486 976 636 1045 habetur.
692 977 774 1045 Sunt
801 975 907 1043 verba*
937 988 1004 1053 τοῖς
1025 983 1121 1055 θεοῖς.
1165 978 1299 1066 Accepit
1334 978 1429 1061 enim,
1462 978 1520 1065 qui

487 1080 569 1147 haec
590 1081 717 1168 adjecit,
754 1076 916 1167 ἀμοιβαὶ
938 1101 996 1165 pro
1020 1079 1338 1163 remunerationibus,
1374 1081 1407 1146 id
1431 1080 1518 1167 quod

488 1193 601 1249 eontra
634 1182 698 1249 loci
730 1184 921 1248 sententiam
948 1203 1019 1247 esse
1042 1182 1226 1247 Boeckhius
1262 1181 1444 1247 luculenter
1467 1182 1521 1246 de-

487 1286 685 1352 monstravit.
748 1285 856 1372 Atque
891 1285 998 1363 omisit
1028 1281 1178 1349 Clemens
1200 1284 1296 1349 Alex.
1318 1283 1434 1350 Strom.
1455 1282 1517 1347 -111,

487 1381 691 1473 p.186‚36.'

571 1488 743 1553 Praeterea
773 1487 1003 1554 Stallbaumius
1037 1486 1240 1553 manifestum
1274 1510 1379 1575 nuper
1412 1510 1518 1553 exem·

490 1589 579 1677 plum
601 1590 736 1656 addidit.
773 1590 853 1675 Pag.
876 1584 972 1655 idol)
996 1591 1079 1655 enim
1092 1589 1184 1653 -haec
1207 1590 1412 1675 legebantur:
1438 1589 1519 1672 οἰγω-
1560 1588 1565 1601 “

488 1702 627 1768 νιστικῆς
656 1692 710 1777 μὲν
733 1687 790 1755 οὖν
814 1690 994 1777 ἀνθρώπων
1021 1716 1057 1755 τε
1080 1694 1133 1754 καὶ
1155 1690 1265 1755 ἵππων
1290 1690 1367 1769 τούς
1390 1688 1517 1767 ancoris,

488 1790 632 1880 μοοσικῆς
660 1793 694 1855 δὲ
723 1793 845 1879 ἑτέρους
872 1795 927 1878 μὲν
957 1790 1032 1870 τοὺς
1054 1795 1124 1879 περὶ
1149 1796 1306 1878 μονῳδίαν
1334 1820 1371 1857 τε
1394 1796 1449 1858 καὶ
1473 1821 1519 1879 μι-

487 1894 616 1982 μητικὴν
640 1896 709 1959 οἷον
733 1891 887 1982 ῥαψῳδῶν
913 1898 967 1958 καὶ
997 1896 1179 1979 κιθαρῳδῶν
1210 1898 1263 1959 καὶ
1293 1897 1441 1970 αὐλητῶν
1464 1899 1517 1959 καὶ

487 1996 623 2063 ποίντων
653 1994 719 2062 τῶν
760 1995 918 2061 τοιούτων
952 1994 1137 2073 ἀθλοθέτας
1169 1998 1290 2084 ἑτέρους
1323 1998 1446 2084 πρέπον
1479 1992 1519 2063 οίν

488 2101 532 2176 tte
553 2102 730 2186 γίγνεσθαι,
764 2095 831 2164 τῶν
851 2100 885 2163 δὲ
907 2102 978 2186 περὶ
999 2102 1156 2185 χορῳδίαν
1177 2097 1302 2177 ἄλλους.
1353 2100 1436 2167 Nam
1456 2100 1519 2165 hoc

490 2204 621 2291 quidem
643 2203 713 2268 loeo
737 2201 854 2268 Stallb.
874 2201 1044 2267 Platonem
1066 2211 1132 2268 tam
1154 2201 1357 2288 negligenter
1381 2202 1518 2267 seribere

489 2328 613 2391 negans
636 2304 681 2386 id,
713 2304 800 2390 quod
823 2324 936 2369 verum
960 2314 1037 2386 erat,
1068 2306 1255 2391 assumpsit:
1293 2304 1415 2391 ἑτέρους
1437 2304 1519 2389 glos·

490 2428 578 2472 sema
597 2406 697 2472 luisse
711 2405 811 2489 adid,
832 2405 920 2493 quod
935 2408 1085 2493 sequitur,
1108 2402 1241 2483 ἄλλους,Ι
1273 2428 1390 2493 nempe
1405 2405 1518 2471 melius

490 2509 551 2576 eibi
577 2508 771 2596 respondere
798 2509 1030 2593 grammaticus
1061 2508 1192 2595 quidam
1227 2510 1423 2575 existimavit
1456 2508 1518 2571 ἑτέ-

491 2637 561 2698 ρους
582 2611 704 2697 ἑτέρους
727 2632 824 2697 quam
846 2610 966 2696 ἑτέρους
985 2607 1109 2687 ἄλλους.

575 2713 674 2780 Recte
708 2711 847 2801 denique
872 2712 1020 2780 Badham
1055 2712 1168 2800 (prael.
1204 2712 1245 2779 ad
1271 2712 1410 2778 Phaedr.
1446 2733 1515 2800 pag.

491 2817 563 2901 XI.)
586 2811 732 2904 p.6831⁴]
762 2808 780 2891 ἢ
806 2811 863 2878 νῦν
897 2813 935 2890 δὴ
962 2816 1017 2902 μὲν
1045 2812 1151 2899 ὀλίγον
1183 2821 1362 2901 ἔμπροσθεν
1392 2813 1520 2890 τούτοις

483 2914 712 3005 ’περιτυχόντες
739 2929 808 2992 τοῖς
838 2915 942 2999 λόγοις
976 2911 1061 2980 οίίτω
1094 2918 1189 2980 ταῦτ’
1223 2921 1374 3003 ἐτίθεμεν,
1415 2928 1471 2984 νῦν
1495 2915 1522 2980 δ’

491 3016 729 3105 ἐπιλελήσμεθα,
768 3018 826 3083 illa
858 3016 964 3102 ὀλίγον
996 3024 1175 3105 ἔμπροσθεν
1207 3031 1391 3107 comparato
1418 3021 1522 3086 Photii
1645 3087 1646 3100 ἢ

491 3147 598 3189 onom.
619 3122 646 3187 I.
660 3116 733 3188 305.
756 3121 930 3206 glossema·
944 3121 985 3186 ad
1008 3131 1065 3185 νῦν
1088 3119 1124 3197 orl
1152 3143 1221 3187 esse
1247 3125 1421 3209 perspexit.
1465 3122 1519 3188 Sic

492 3227 577 3290 enim
596 3223 678 3290 illud
699 3220 756 3288 νῦν
773 3222 810 3300 δή
832 3249 852 3288 a
873 3223 1037 3290 veteribus
1059 3224 1299 3311 lexicographis
1322 3223 1447 3290 solebat
1469 3247 1522 3290 ex-

490 3325 616 3413 plicari.
680 3325 749 3390 Nec
777 3349 854 3392 vero
878 3324 1092 3392 Stallbaumio
1123 3326 1218 3392 facila
1253 3326 1370 3413 aliquis
1402 3326 1521 3408 credat,

491 3451 551 3515 per
572 3425 681 3512 ὀλίγον
696 3432 876 3513 ἔμπροσθεν
897 3430 963 3492 vim
983 3430 1122 3493 notionis
1143 3439 1199 3492 νῦν
1214 3421 1252 3504 dd
1274 3432 1378 3514 magis
1399 3429 1520 3495 extolli.
1644 3483 1645 3488 ,

495 3528 584 3612 Quid
616 3532 711 3612 enim,
734 3532 774 3595 'si
806 3553 865 3595 nos
898 3528 1077 3594 diceremus
1100 3533 1169 3596 eben
1196 3531 1272 3625 jatgt
1304 3555 1356 3599 vor
1379 3531 1521 3598 barcam?

492 3655 602 3699 nonne
646 3623 786 3698 maxime
822 3630 1044 3698 debilitaretur
1080 3630 1266 3706 sententia?
1330 3633 1521 3721 Explicatur

489 3758 591 3800 unum
612 3757 670 3822 per
693 3734 828 3801 alterum
855 3755 961 3820 neque
982 3755 1058 3800 vero
1090 3744 1225 3821 augetur
1256 3745 1312 3800 aut
1344 3735 1519 3820 extollitur.

488 3836 707 3902 Memorabilis
735 3847 841 3904 autem
865 3847 913 3902 est
936 3859 1012 3901 usus
1041 3837 1220 3923 particulae
1244 3848 1310 3908 νῦν,
1370 3839 1453 3906 Nam
1476 3838 1520 3904 al-

488 3948 556 4004 tero
578 3937 661 4021 loco,
683 3940 718 4003 in
736 3939 875 4005 formula
895 3936 952 4002 νῦν
971 3936 1020 4015 δὴ,
1044 3939 1142 4004 habet
1162 3940 1393 4028 imperfectum,
1416 3941 1518 4006 altero

473 4039 667 4131 perfectum
691 4042 880 4127 (praesentis
912 4040 979 4105 lere
1010 4043 1042 4106 vi
1065 4041 1271 4127 praeditum).
1316 4045 1423 4130 Atque
1445 4065 1519 4114 cum

487 4142 683 4228 imperfectis
705 4154 737 4209 et
756 4144 883 4208 aoristis
902 4139 958 4206 vair
977 4141 1014 4217 dl
1036 4165 1131 4231 saepe
1153 4146 1240 4231 apud
1253 4145 1420 4212 Platonem
1444 4168 1519 4210 con·

483 4245 642 4331 jungitur,
675 4245 764 4310 velut
793 4267 876 4332 resp.
899 4240 1004 4310 414ss
1033 4240 1138 4312 60οΑ
1163 4269 1255 4314 conv.
1279 4242 1341 4314 198
1355 4247 1393 4331 A,
1428 4247 1517 4334 polit.

487 4341 600 4413 3030.
635 4341 744 4413 3091)
769 4357 801 4412 et
832 4348 960 4435 saepius
992 4347 1032 4412 cf.
1057 4348 1220 4414 Ruhnken
1252 4350 1294 4415 ad
1318 4350 1399 4415 Tim.
1421 4372 1446 4414 s.
1468 4370 1517 4432 v.;

487 4449 629 4535 itemque
645 4471 717 4515 cum
731 4449 850 4534 futuro,
868 4449 945 4516 vide
957 4449 1076 4516 Heind.
1091 4450 1133 4516 ad
1148 4450 1244 4538 Soph.
1256 4446 1358 4518 2210.
1393 4450 1518 4531 Quodsi

485 4551 573 4640 apud
605 4550 755 4620 Photium
788 4576 813 4622 s.
842 4575 873 4617 v.
903 4547 959 4618 οὖν
987 4548 1025 4628 δὴ
1054 4551 1142 4618 alius
1177 4575 1218 4618 ex
1248 4553 1391 4640 Legibus
1426 4553 1517 4620 locus
1641 4627 1642 4655 1
