3567 5500
803 736 869 821 ’105

321 943 421 1030 petita
455 951 511 1023 est,
548 941 692 1028 parantis
725 948 757 1003 et
787 939 950 1004 afferentis
981 938 1034 1019 (ef.
1068 936 1207 1003 similem
1237 914 1370 1015 Stant„

321 1044 419 1131 Atqui
442 1044 523 1108 nihil
550 1045 620 1129 jam
633 1050 789 1127 vsuperest
809 1040 1048 1128 explicandum.
1093 1038 1270 1103 Videamus
1293 1038 1352 1122 igi-

322 1155 371 1221 ter
391 1145 432 1210 de
453 1147 500 1227 iis,
533 1165 615 1231 quae
637 1154 822 1229 sequuntur.
868 1143 1021 1231 Sequitur
1043 1140 1264 1225 interrogatio<
1302 1142 1353 1204 eui

321 1246 423 1312 multo
456 1248 552 1311 etiam
584 1248 692 1309 minus
724 1247 792 1332 ejus
822 1244 910 1310 modi
942 1243 1210 1309 introductionem
1243 1250 1352 1332 aptapr

324 1370 394 1413 esse
427 1347 629 1413 manifestum
659 1356 716 1430 est,
755 1348 944 1433 praesertim
979 1368 1079 1431 quum
1115 1343 1304 1409 exordiatur
1333 1366 1353 1407 a

322 1449 483 1537 partioula
505 1446 553 1537 ἆρ’
577 1446 643 1513 οὖν
664 1444 712 1513 οὗ.
751 1448 847 1529 Quod
870 1445 984 1513 Stallb.
1007 1469 1107 1535 quum
1130 1444 1351 1528 intellexisset,

321 1549 379 1615 οὖν
398 1553 488 1617 uncis
509 1551 647 1634 inclusit,
671 1560 777 1616 oetera
794 1557 881 1616 reete
900 1550 1021 1615 habere
1040 1559 1138 1615 ratus.
1181 1546 1352 1613 Schneide-

275 1731 278 1741 .
322 1676 377 1719 rus
398 1663 515 1737 autem,
550 1662 586 1717 ut
606 1654 720 1720 vitaret
750 1674 852 1740 prava
873 1651 930 1717 illa
952 1662 984 1717 et
1005 1650 1155 1735 absurda,
1173 1668 1175 1673 ·
1192 1652 1237 1716 ita
1259 1649 1352 1716 eollo·
1373 1673 1376 1676 ·

323 1758 434 1844 quium
456 1757 628 1839 constituit,
660 1755 871 1822 attribueret

321 1904 324 1910 ·
408 1859 565 1925 Cliniae
588 1855 653 1945 ἆρα
680 1882 713 1942 γε
740 1855 781 1921 τὰ
799 1851 932 1952 Ἰτοιόνδε
957 1852 995 1919 οὗ
1016 1850 1196 1943 βονλόμεθα
1221 1864 1277 1920 νῦν
1303 1854 1351 1918 λε’.

320 1984 409 2046 yser,

407 2063 639 2129 Atheniensi
662 2067 703 2126 τὸ
725 2074 836 2145 sotor,
875 2062 951 2127 dein
972 2082 1082 2126 rursus

411 2166 563 2231 Cliniae
586 2172 657 2230 ἔστι
677 2189 740 2229 που
762 2166 840 2249 δίχα
862 2202 903 2212 -
922 2160 980 2226 δύο
1002 2163 1082 2250 μέρη,

408 2268 642 2334 Atheniensi
664 2270 730 2345 ναὶ,
759 2265 801 2330 τὸ
823 2276 976 2330 τοιοῦτον
998 2261 1119 2354 φράζω,
1147 2274 1212 2352 μῶν
1236 2260 1292 2330 οὖν
1314 2266 1352 2330 οὐ

323 2376 395 2436 κτλ.

409 2474 454 2539 At
475 2475 546 2561 quis
567 2482 625 2557 est,
660 2475 739 2561 quin
761 2472 877 2555 videat,
908 2472 969 2537 hae
991 2474 1114 2537 ratione
1137 2475 1163 2537 si
1183 2470 1283 2538 verba
1303 2472 1351 2537 in-

318 2588 372 2644 ter
395 2597 551 2664 personas
572 2576 847 2659 distribuerentur,
883 2583 983 2640 totam
1012 2574 1164 2662 oolloquii
1193 2575 1352 2640 eondieio-

323 2703 398 2745 nem
420 2689 453 2745 et
473 2678 578 2766 legem
597 2678 721 2743 turbari
745 2687 841 2766 atque
862 2678 1012 2765 perverti.
1056 2676 1169 2741 Partes
1192 2678 1279 2742 enim
1296 2676 1350 2741 do·

324 2781 419 2849 cendi
441 2794 472 2848 et
495 2782 691 2869 colloquium
714 2781 848 2867 regendi
879 2782 1000 2868 utique,
1038 2799 1137 2868 quum
1159 2803 1218 2868 per
1248 2790 1351 2846 totum

325 2907 414 2973 opus,
435 2887 556 2950 tamin
577 2883 640 2949 hoc
660 2884 785 2949 decimo
809 2882 891 2948 libro
912 2882 1120 2948 Atheniensis
1142 2892 1226 2968 sunt,
1247 2905 1363 2972 neque-

323 2986 458 3053 Oliniee.
503 2986 628 3067 Quodsi
662 2985 765 3052 verba
795 2983 836 3047 τὸ
866 2997 964 3048 ποῖον
995 2984 1199 3051 Atheniensis
1234 2995 1350 3070 essent,

321 3111 471 3176 quaeque
484 3098 670 3176 sequuntur,
693 3087 828 3170 Oliniae,
850 3088 994 3174 profecto
1009 3090 1208 3173 miraremur,
1228 3090 1284 3176 qui
1297 3111 1352 3154 an-

318 3201 375 3257 tea
396 3213 524 3278 semper
545 3210 672 3256 summa
693 3190 888 3256 confidentia
910 3199 941 3254 et
964 3191 1122 3276 sapientia
1145 3193 1232 3257 viam
1254 3191 1352 3256 disse·
1434 3224 1438 3236 ·

321 3292 415 3358 rendi
442 3302 659 3377 monstrasset,
696 3315 771 3358 eum
801 3302 934 3379 repente
966 3291 1150 3358 dubitanter
1176 3296 1351 3382 inquirere;

323 3405 445 3479 eontra,
482 3397 539 3482 qui
559 3394 666 3460 adhue
688 3395 757 3460 fere
785 3394 866 3459 nihil
887 3394 930 3460 ad
952 3417 1081 3462 cursum
1111 3395 1351 3483 disoeptationis

322 3495 510 3586 adjuvisset,
534 3501 646 3585 gravia
661 3501 732 3586 jam
753 3505 945 3583 argumenta
967 3519 1008 3562 ex
1030 3498 1096 3563 suis
1116 3498 1270 3563 conferre.
1307 3498 1353 3563 At

293 3608 298 3611 ’
323 3603 410 3666 enim
435 3623 513 3666 vero
538 3600 620 3666 illud
642 3597 706 3688 ἆρα
724 3625 759 3686 γε
779 3598 821 3663 τὸ
840 3598 966 3666 τοιόνδε
986 3597 1032 3664 αὖ
1052 3597 1266 3685 βουλόμεθα
1287 3610 1352 3664 νῦν

322 3704 431 3788 λέγειν,
461 3705 496 3768 in
517 3713 627 3791 aperto
649 3714 701 3768 est¹
719 3704 850 3771 nullius
863 3726 943 3787 esse,
972 3704 1034 3768 nisi
1056 3706 1135 3790 ejus,
1156 3701 1216 3790 'qui
1237 3705 1353 3790 prima·

322 3810 386 3871 rias
409 3809 477 3892 agit
496 3816 613 3894 partes.
659 3806 751 3887 Quae
774 3827 874 3893 quum
895 3808 941 3872 ita
964 3808 1037 3890 sint,
1070 3804 1261 3872 Schneideri
1284 3807 1352 3892 qui·

324 3907 397 3974 dem
419 3909 542 3977 ordinis
562 3910 763 3976 restitutione
784 3912 904 3997 rejecta
923 3910 963 3975 ad
982 3907 1263 3996 transpositionem
1284 3930 1353 3974 ver·

322 4011 436 4077 borum
457 4009 498 4074 τὸ
518 4022 669 4077 τοιοῦτον
691 4010 800 4098 φράζω
824 4012 902 4076 mihi
923 4012 1153 4078 recurrendum
1174 4033 1244 4077 esse
1264 4009 1352 4078 vide·

322 4124 384 4196 tur,
416 4137 501 4202 quae
523 4114 649 4180 medela
667 4116 745 4202 ipsis
765 4113 860 4179 codd.
883 4137 986 4202 prope
1003 4115 1073 4201 jam
1094 4121 1273 4182 monstrata
1295 4123 1352 4178 est.

322 4215 425 4282 Deest
446 4219 533 4282 enim
556 4217 656 4283 index
675 4234 834 4304 personae
857 4227 932 4283 ante
954 4214 994 4297 vo*
1015 4227 1169 4282 τοιοῦτον
1186 4211 1299 4302 φράζω
1321 4223 1353 4281 st
1449 4207 1452 4212 ’

322 4328 398 4385 ante
417 4305 483 4405 per
498 4315 564 4384 -οὗν
585 4320 709 4407 positus
727 4326 785 4385 est.
829 4319 903 4384 Hae
924 4342 962 4386 re
979 4320 1076 4405 igitur
1096 4317 1171 4384 freti
1193 4314 1287 4381 illum
1308 4315 1353 4382 lo·

323 4443 395 4486 oum
419 4422 579 4508 refingere
599 4443 694 4508 posse
715 4420 808 4487 nobis
831 4421 979 4491 videmur
999 4420 1087 4486 huno
1105 4421 1140 4486 in
1160 4417 1309 4492 modum

410 4523 460 4597 Ol,
474 4523 522 4604 ,ed
541 4536 653 4610 aowv,
