3567 5500
792 773 836 841 53

291 984 451 1027 consensu
471 971 671 1049 reparentur.
729 961 888 1044 Vidimus,
925 963 1024 1028 multo
1045 965 1204 1029 minorem
1228 965 1326 1032 fidem

270 1076 471 1131 'ceterorum
494 1064 645 1130 codicum
666 1063 722 1130 vel
743 1068 905 1130 constanti
927 1075 958 1129 et
982 1069 1143 1131 communi
1169 1068 1324 1163 suffragio

290 1166 402 1232 haberi
421 1190 529 1254 posse,
549 1181 586 1231 ut
608 1190 744 1255 quorum
765 1166 839 1232 fons
860 1167 904 1231 ab
923 1168 1110 1256 Archetypo
1128 1170 1198 1255 jam
1223 1169 1324 1236 multo

291 1271 332 1332 sit
356 1270 510 1334 remotior
534 1281 642 1356 atque,
679 1271 805 1335 etiamsi
826 1293 932 1357 pauca
955 1271 1115 1357 quaedam
1138 1274 1272 1359 antiqua
1294 1284 1326 1338 et
1418 1321 1423 1328 -

230 1378 232 1382 ’
290 1372 434 1455 genuina
460 1381 516 1435 aut
547 1370 593 1434 ihi
626 1381 753 1436 servata
779 1373 843 1435 sint
869 1383 925 1437 aut
961 1372 1093 1437 aliunde
1125 1373 1323 1455 influxerint,

289 1483 399 1537 tamen
424 1475 526 1538 omnis
552 1476 681 1557 generis
702 1472 894 1558 corruptelis
916 1482 948 1538 et
968 1473 1246 1560 interpolamentis
1277 1479 1324 1541 iu·

291 1574 415 1639 lectior.
841 1635 845 1640 .

376 1677 485 1758 Quam
506 1687 600 1745 cante
621 1677 760 1764 denique
782 1679 880 1742 etiam
900 1676 942 1742 de
964 1679 1107 1744 omnium
1130 1679 1224 1748 codd.
1248 1703 1323 1746 con·

167 1824 172 1835 .
291 1802 386 1844 sensu
414 1781 603 1866 praesertim
624 1781 753 1843 minutis
783 1781 817 1842 in
845 1780 943 1844 rebus
966 1789 998 1843 et
1018 1779 1194 1846 formarum
1215 1785 1321 1848 varia·

288 1882 430 1946 tionibus
446 1881 659 1968 judicandum
681 1883 731 1962 sit,
754 1904 797 1946 ex
818 1891 1001 1968 conspectu,
1026 1903 1122 1968 quem
1144 1905 1244 1971 supra
1265 1908 1322 1971 po·

289 1985 422 2064 suimus,
457 2005 553 2048 nemo
573 2005 642 2048 non
663 1984 827 2070 percipiet.
870 1982 979 2064 Unde,
1003 2006 1087 2070 quae
1105 1987 1159 2048 via
1182 1988 1215 2049 in
1238 1996 1320 2051 trac·

288 2086 394 2150 tundis
413 2086 465 2150 his
478 2085 577 2160 ‘libris
599 2085 815 2169 ingredienda
832 2087 882 2166 sit,
912 2095 949 2149 ut
968 2087 1131 2171 integritas
1146 2088 1196 2168 iis,
1221 2111 1320 2175 quan-

287 2199 355 2252 tum
377 2188 449 2252 fieri
469 2191 571 2274 possit
590 2189 786 2268 restituatur,
807 2190 878 2273 jam
900 2186 1042 2252 dubitari
1064 2211 1130 2252 non
1152 2200 1273 2275 potest:

371 2289 597 2354 Fundamenta
624 2291 802 2353 animasse
829 2311 1072 2375 perseveramus
1094 2314 1160 2372 eos,
1199 2294 1254 2380 qui
1276 2294 1318 2358 ad
1395 2279 1399 2288 ¹

287 2393 454 2478 archetypi
473 2391 713 2456 §militudinem
733 2392 882 2476 proxime
902 2391 1075 2474 accedunt,
1109 2393 1142 2457 id
1165 2404 1213 2459 cst
1235 2394 1317 2460 Vos-

283 2496 419 2575 sianum,
440 2494 632 2574 Parisiuum,
654 2493 847 2558 Vaticanum
870 2493 1042 2581 (equibus
1066 2495 1136 2559 cod.
1153 2495 1259 2578 Voss,
1288 2499 1316 2561 si

285 2596 392 2662 denuo
412 2618 568 2660 excussus
587 2595 693 2676 hierit,
716 2599 824 2660 nescio
846 2619 889 2659 an
908 2595 1051 2660 futurum
1073 2597 1122 2679 sit,
1147 2607 1184 2662 ut
1204 2599 1317 2664 ceteris

286 2698 412 2763 duobus
442 2698 496 2764 vel
520 2697 745 2797 praestabilior
767 2720 839 2762 esse
860 2700 1067 2785 reperiatur);
1105 2722 1242 2787 quorum
1262 2722 1317 2765 ve

288 2803 391 2887 stigia,
413 2811 449 2865 ut
462 2802 629 2888 archetypi
649 2801 804 2864 lectiones
825 2804 1039 2882 restituamus,
1063 2824 1102 2866 eo
1119 2804 1317 2867 constantius

287 2925 361 2967 cum
393 2906 426 2967 in
457 2904 528 2968 aliis
560 2914 629 2968 tum
661 2904 695 2966 in
723 2905 855 2967 minutis
887 2914 920 2967 ct
946 2904 1119 2969 subtilibus
1142 2904 1316 2972 lectionum

285 3005 471 3072 differentiis
491 3007 597 3093 premi
618 3004 747 3086 debent,
771 3028 836 3092 quo
857 3008 963 3069 minus
986 3017 1041 3071 aut
1061 3006 1188 3071 mendis
1209 3016 1317 3070 conta-

285 3110 398 3172 minati
426 3119 483 3171 aut
513 3107 744 3173 mutationibus
775 3106 979 3171 librariorum
1011 3108 1195 3194 interpolati
1231 3117 1316 3171 sunt

287 3209 395 3274 Ceteri
423 3217 532 3273 autem
563 3208 648 3274 male
670 3220 702 3273 et
729 3212 950 3273 inconstanter
981 3196 1147 3296 archetypi
1182 3212 1316 3294 scriptu-

212 3335 215 3341 ’
288 3334 357 3375 ram
380 3311 553 3375 referentes
581 3312 647 3377 fide
678 3335 745 3376 non
778 3311 871 3396 digni
904 3320 987 3391 sunt,
1024 3313 1089 3375 nisi
1119 3312 1230 3397 paucis
1254 3310 1318 3374 illis

287 3414 378 3496 locis,
414 3414 468 3478 uhi
500 3422 680 3494 servarunt,
721 3436 805 3502 quae
835 3415 870 3477 in
903 3412 1089 3478 melioribus
1121 3412 1319 3477 exciderunt.

285 3516 407 3581 Verum
425 3526 533 3580 tamen
556 3538 685 3602 semper
699 3515 733 3579 id
744 3515 933 3580 intuendum
948 3524 981 3579 et
996 3515 1234 3580 observandum
1248 3516 1318 3596 erit,

285 3622 392 3706 ipsum
421 3620 621 3705 archetypon
637 3628 670 3683 et
693 3616 920 3704 interpolatum
941 3639 1003 3681 nec
1026 3628 1173 3682 accurate
1195 3616 1317 3703 ubique

285 3732 454 3785 exaratum
475 3722 577 3785 fuisse
597 3721 833 3807 apographum,
857 3730 894 3783 ut
916 3719 1074 3784 Platonici
1096 3718 1251 3781 sermonis
1275 3739 1317 3781 ne

285 3824 424 3910 optimos
449 3822 580 3910 quidem
605 3823 732 3889 codices
753 3823 826 3887 illos
848 3822 1034 3909 ubicunque
1056 3829 1159 3884 certos
1182 3830 1215 3883 et
1240 3841 1316 3882 con-

282 3935 404 3990 stantes
425 3936 521 3990 testes
542 3925 664 3990 hahere
695 3926 866 4012 possimus,
902 3924 959 3988 sed
982 3945 1108 4008 semper
1128 3922 1239 3986 videre
1262 3920 1318 3985 de-

280 4028 428 4109 beamus,
463 4037 583 4092 noant
604 4028 639 4090 in
665 4026 800 4112 singulis
823 4024 991 4091 vocabulis
1011 4024 1229 4109 negligentiae
1251 4047 1318 4089 ma·

281 4130 364 4195 culis
382 4128 500 4215 polluti
517 4130 592 4210 sint,
617 4139 672 4193 aut
692 4131 727 4193 in
746 4130 910 4193 sententiis
929 4126 1098 4213 vel-plura
1115 4137 1148 4192 et
1168 4129 1319 4212 graviora

281 4230 404 4295 menda
436 4230 637 4297 admiserint.
694 4232 802 4319 Atque
837 4230 927 4315 prius
963 4230 1181 4315 corruptionis
1216 4222 1319 4312 genus

281 4355 351 4421 qua
369 4334 493 4399 ratione
512 4333 716 4401 tractandum
738 4333 789 4412 sit,
823 4352 921 4415 supra
944 4336 987 4415 (p.
1008 4325 1105 4409 1—3)
1128 4330 1318 4394 sententiam

262 4444 429 4501 ‚nostram
460 4435 665 4521 protulimus.
719 4434 772 4498 De
799 4433 911 4513 altero,
950 4431 1037 4517 quod
1066 4431 1239 4497 violentius
1262 4440 1319 4511 est,

275 4534 351 4623 jan
372 4537 407 4600 iu
428 4538 479 4619 iis,
514 4558 600 4627 qnae
620 4542 808 4625 sequuntur,
843 4554 988 4619 agemus.
1361 4540 1367 4547 '
