3567 5500
879 782 986 863 ,96

451 977 516 1047 rins
541 975 749 1048 enuntiatum.
804 981 887 1046 Nam
912 984 983 1069 quis
1006 1002 1079 1046 cum
1101 978 1191 1046 Astio
1214 976 1401 1063 consentiat,
1436 989 1481 1047 t-

451 1106 539 1150 mere
561 1091 644 1147 ἔστο
669 1083 886 1171 supplendum
910 1106 980 1149 esse
1002 1081 1175 1149 statuenti?
1198 1122 1238 1133 -

538 1188 645 1274 Amne
659 1188 800 1273 primurn
815 1184 1022 1271 (1οὲκοέτερον
1037 1185 1258 1273 quaerendum
1274 1194 1331 1251 est.
1370 1185 1479 1271 Aetius

451 1291 589 1355 mutavit
602 1289 760 1375 ἑκατέρου,
783 1288 871 1376 quod
885 1288 982 1375 plane
998 1310 1272 1375 supervacaneum
1283 1309 1364 1370 esse,
1387 1287 1479 1353 Stall-

451 1391 601 1456 baumius
634 1402 721 1457 roote
743 1392 876 1457 monuit.
934 1391 1018 1456 Nam
1039 1390 1121 1455 haec
1143 1389 1304 1455 distinctio
1332 1392 1401 1477 jam
1423 1412 1480 1475 per

452 1519 488 1555 τε
506 1532 546 1542 —-
568 1494 623 1555 καί
648 1494 771 1559 affatim
793 1492 983 1559 declaratur.
1028 1491 1116 1572 Quid
1140 1490 1248 1557 enim?
1293 1492 1330 1558 Si
1353 1514 1412 1557 nos
1435 1490 1480 1555 di-

452 1616 595 1660 ceremus
618 1595 701 1660 Theo
723 1596 840 1661 haband
859 1595 970 1661 sowohi
991 1620 1031 1659 ακ
1050 1596 1117 1659 dem
1137 1594 1262 1673 Pernen,
1286 1595 1333 1659 olo
1353 1618 1392 1659 aa
1414 1594 1479 1658 dom

453 1699 574 1775 ΝαΙιον,
597 1722 637 1762 οη
650 1697 789 1763 Beiden?
831 1696 927 1777 Quod
945 1707 1051 1761 autem
1071 1698 1142 1783 ipse
1161 1696 1349 1762 Stallbaum.
1373 1718 1480 1782 quam·

452 1802 500 1865 vis
521 1797 705 1864 dubitanter
724 1800 875 1886 proponit
896 1799 1099 1884 ἑκατέρωθεν,
1126 1821 1192 1864 non
1215 1799 1321 1863 minus
1342 1799 1478 1863 otiosum

453 1924 523 1966 esse
553 1900 699 1966 arbitror.
755 1900 929 1967 Comarius
961 1901 1110 1988 ἑκάτερον
1133 1923 1206 1966 cum
1230 1902 1281 1984 iis,
1321 1923 1404 1988 quae
1434 1922 1480 1965 se·

453 2013 605 2092 quuntur,
639 2005 804 2091 conjunxit
826 2010 922 2090 (quae
944 2006 1025 2070 ratio
1046 2002 1223 2090 aliquando
1249 2002 1329 2067 mihi
1351 2025 1479 2090 quoque

452 2108 622 2179 arriserat).
675 2105 759 2171 Nam
778 2108 886 2172 vertit:
925 2116 979 2187 „ut
1001 2115 1137 2194 utraque
1152 2103 1192 2187 (i)
1218 2128 1293 2192 pars
1312 2128 1360 2187 ea,
1398 2127 1479 2193 quae

453 2209 495 2274 ad
517 2210 679 2275 civitatem
702 2218 757 2291 est,
797 2230 938 2291 cumea,
977 2230 1059 2295 quae
1081 2218 1130 2273 est
1152 2217 1297 2273 extrema
1321 2230 1387 2273 una
1412 2230 1479 2272 sors

453 2313 538 2375 sit.“·
567 2312 612 2375 At
634 2332 738 2406 neque
762 2308 916 2396 ἑκάτερος,
940 2332 1046 2397 neque
1068 2320 1201 2403 uterque
1222 2309 1274 2374 hio
1296 2309 1403 2374 locum
1425 2309 1479 2373 ha·

333 2420 339 2428 '
452 2413 520 2496 bet:
557 2411 728 2477 dicendum
759 2421 826 2477 erat
847 2412 997 2488 ἕκαστον,
1032 2434 1251 2500 unaquaeque.
1305 2411 1374 2477 Nee
1396 2412 1479 2475 enim

454 2514 536 2579 duae
564 2524 689 2579 tantum
712 2515 768 2579 sed
792 2514 901 2602 plures
922 2524 1029 2601 partes
1051 2514 1093 2579 ad
1112 2515 1225 2579 urbem
1244 2516 1365 2601 jacent,
1404 2536 1479 2601 qua·

453 2639 524 2682 rum
548 2640 761 2704 unaquaeque
783 2627 832 2682 ost
852 2616 952 2683 altera
973 2639 1015 2681 ex
1032 2617 1125 2700 binis,
1151 2639 1233 2705 quae
1254 2616 1397 2701 singulas
1417 2640 1477 2681 sor-

451 2730 498 2787 tes
521 2720 701 2786 conficiunt.
738 2720 851 2810 Itaque
871 2721 932 2785 nisi
952 2720 1105 2786 audacius
1129 2720 1210 2786 forte
1233 2720 1393 2804 corrigere
1416 2742 1479 2786 ma·

452 2825 491 2888 lis
513 2826 567 2886 καὶ
589 2821 639 2886 oiri
660 2821 811 2911 Scirem,
849 2820 891 2885 τὸ
911 2820 989 2908 πρὸς
1010 2833 1052 2908 τῇ
1071 2821 1162 2885 πόλει
1184 2822 1272 2907 μέρος
1298 2823 1377 2908 (und
1400 2845 1480 2887 zwar

451 2932 556 2992 immor
576 2927 628 2990 der
650 2931 722 3005 eine,
745 2924 874 2989 κᾶνκὸέοέι
897 2925 950 2989 der
974 2949 1013 2990 an
1035 2926 1088 2989 dor
1101 2925 1195 2990 Stadt
1215 2926 1346 3010 dispendo
1369 2925 1479 3009 Theo),
1576 2977 1579 2986 2

451 3027 600 3115 ἑκάτερον
621 3048 694 3092 oum
713 3029 762 3111 iis,
784 3048 867 3114 quae
889 3026 1093 3109 antecedunt,
1118 3027 1270 3113 conjungi
1288 3025 1396 3105 debet3
1419 3049 1480 3092 nec

451 3140 569 3214 tamen,
593 3141 629 3195 ut
641 3129 742 3196 verba
761 3127 819 3192 dv'o
838 3125 992 3215 τμήματα
1015 3127 1162 3215 ἑκάτερον
1183 3125 1244 3192 τοῦ
1266 3129 1295 3192 τ’
1316 3129 1404 3214 ἒρρὸς
1426 3132 1479 3192 καὶ

450 3244 512 3296 τοῦ
548 3232 655 3320 πόρρω
688 3233 864 3318 μετέχοντα
897 3233 1127 3317 interpreteris:
1173 3241 1308 3318 utraque
1342 3231 1479 3296 duorum

451 3337 604 3417 locorum,
628 3345 659 3401 et
669 3336 842 3400 vicinitatis
854 3344 886 3398 et
900 3343 1042 3398 remotae
1059 3334 1224 3419 regioniss
1232 3336 1389 3420 particeps
1401 3344 1478 3399 esto.

451 3439 553 3504 Immo
574 3437 753 3522 intelligas:
775 3446 912 3522 utraque
935 3437 1045 3502 autin
1069 3437 1187 3500 vicinia
1208 3445 1264 3500 aut
1282 3437 1395 3522 procul
1418 3439 1489 3530 situ¹

451 3563 522 3605 esse
543 3538 648 3622 debet,
687 3540 780 3628 quasi
805 3537 938 3604 dixisset
959 3538 1050 3604 Plato
1074 3536 1220 3625 ἓκοίτερον
1248 3539 1396 3623 ἐκατέρου
1417 3549 1479 3601 τοῦ

450 3643 479 3705 τ’
501 3641 587 3727 ἐρρὸς
608 3644 662 3706 καὶ
683 3652 744 3704 τοῦ
766 3637 871 3728 πόρρω
903 3641 1090 3726 μετέχοντα,
1128 3643 1178 3706 oui
1205 3643 1385 3728 comparari
1406 3664 1478 3729 pos·

450 3756 499 3811 set
520 3767 562 3810 ex
582 3744 717 3837 Politice
739 3745 827 3811 locus
852 3753 896 3831 (p.
918 3737 1028 3826 2641))
1046 3730 1100 3829 ’ἆρ’
1124 3738 1184 3807 οὖν
1212 3745 1339 3806 καίτοι
1368 3745 1478 3807 σονὸο

449 3861 495 3912 κεῖ
518 3840 623 3934 ταύτῃ
645 3850 710 3911 dciv
729 3844 865 3932 ὸιχοέζειν
886 3843 947 3922 τὴν
965 3843 1203 3934 κοινοτροφικὸν
1224 3843 1408 3931 ἐπιστήμην,
1431 3843 1478 3934 ἐφ’

450 3952 583 4037 ἑκατέρῳ
613 3950 741 4014 τούτων
764 3948 805 4012 τὸ
838 3949 926 4036 μέρος
955 3945 1053 4024 αὐτῆς
1084 3933 1305 4032 ἐπινέμονταςΑ
1319 3945 1477 4034 ἑκάτερον,

450 4076 533 4142 quae
555 4053 757 4140 explicantur
777 4052 945 4138 deinceps:
981 4047 1021 4112 τὸ
1043 4051 1097 4135 μέν
1119 4050 1224 4135 ἕτερον
1246 4050 1478 4139 ὑγροτροφικὸν

450 4152 677 4242 ὀνομάζοντας,
710 4150 750 4218 τὸ
773 4151 801 4215 δ’
823 4153 930 4239 ἕτερον
947 4149 1174 4240 ξηροτροφικὸν
1195 4175 1256 4218 nec
1277 4177 1353 4220 vero
1376 4154 1477 4242 expli·

450 4269 578 4325 eantur:
607 4261 661 4320 καὶ
679 4256 822 4342 θάτερον
843 4253 1073 4343 ὑγροτροφικὸν
1092 4257 1146 4318 καὶ
1167 4254 1401 4342 ξηροτροφικόν,
1423 4259 1476 4319 καὶ

448 4359 589 4450 θάτερον
607 4356 838 4448 ὑγροτροφικὸν
861 4361 915 4421 καὶ
939 4356 1171 4446 ξηροτροφικόν.
1217 4357 1256 4426 ef.
1277 4380 1360 4445 resp.
1384 4355 1474 4425 6170
