3567 5500
935 792 1015 867 100

466 985 662 1077 respondere
692 997 827 1076 possunt
853 991 1047 1075 antegressis
1077 986 1154 1051 οἱντλ
1182 980 1328 1071 μειζόνων
1348 981 1499 1064 ἐλάττους

466 1089 607 1166 ποιήσειν
628 1095 713 1169 κτλ,
748 1093 824 1179 quia
844 1090 973 1155 illorum
993 1090 1153 1156 contraria
1173 1070 1314 1175 pestima
1334 1098 1366 1154 et
1397 1088 1498 1153 infeli·

466 1193 596 1257 cissima
619 1203 694 1257 sunt
715 1215 777 1257 nec
797 1192 884 1259 bona
905 1192 1034 1259 fortuna
1055 1190 1200 1258 accidere
1222 1195 1368 1277 possunt,
1391 1212 1497 1277 neque

466 1292 616 1360 Oornarii
637 1295 944 1381 interpretationem,
968 1317 1051 1381 quae
1067 1304 1113 1359 est
1134 1293 1239 1373 „circa
1255 1291 1342 1357 bona
1356 1314 1432 1357 vero
1447 1292 1497 1357 his

469 1398 647 1461 contraria“
675 1406 802 1482 praeter
822 1395 1081 1477 Stallbaumium,
1117 1398 1172 1482 qui
1192 1392 1320 1459 felicem
1343 1394 1496 1481 appellat,

466 1497 558 1561 multi
590 1497 856 1584 comprobabunt.
914 1499 999 1563 Nam
1032 1497 1110 1584 quid
1143 1495 1328 1581 languidius
1363 1496 1498 1579 cogitari

466 1609 581 1684 potest,
603 1621 700 1685 quarn
721 1601 882 1686 appositio
904 1600 961 1665 illa
983 1597 1026 1661 τοὶ
1048 1601 1180 1663 ἐναντία
1202 1595 1350 1660 τοίτωνέ
1393 1596 1498 1677 Quasi

466 1701 603 1766 veroid
631 1700 846 1787 explicatione
877 1711 995 1787 egeret,
1033 1697 1079 1763 τοί
1102 1697 1216 1782 ἀγαθοί
1250 1701 1397 1785 opposita
1428 1721 1499 1763 esse

466 1814 532 1878 τοῖς
553 1798 674 1878 πόνοιςί
724 1802 851 1890 ltaque,
888 1806 952 1867 nisi
975 1825 1032 1890 per
1052 1800 1275 1889 hyperbaturn,
1312 1803 1362 1865 cui
1384 1822 1498 1865 vereor

466 1915 503 1969 ut
524 1903 627 1969 simile
648 1906 840 1987 inveniatur,
864 1903 909 1967 τοί
925 1902 1039 1988 ἀγαθοί
1061 1926 1133 1969 cum
1148 1899 1257 1967 πάντα
1280 1913 1311 1967 et
1331 1904 1402 1987 περὶ
1423 1924 1498 1967 cnm

466 2003 513 2069 τοί
534 2008 669 2070 ἐναντία
703 2009 899 2093 conjungere
928 2005 1034 2089 malis,
1071 2005 1154 2069 duae
1185 2014 1310 2069 tantum
1342 2003 1500 2091 patebunt

465 2111 615 2191 rationes,
650 2109 763 2195 quibus
786 2096 837 2174 res
859 2109 1004 2196 expediri
1032 2110 1150 2195 possit:
1189 2117 1252 2190 aut,
1285 2108 1312 2170 si
1332 2106 1431 2171 verba
1451 2102 1498 2169 τοί

468 2208 581 2292 ἀγαθοὶ
606 2211 715 2275 sedem
734 2208 875 2278 mutasse
894 2233 1011 2293 sumes,
1032 2220 1099 2276 tota
1119 2210 1295 2275 enuntiatio
1316 2210 1361 2273 sio
1382 2208 1497 2293 refingi

466 2321 589 2399 potest:
629 2315 699 2399 περὶ
723 2314 756 2374 δὲ
785 2311 831 2376 ccl
863 2314 995 2376 ἐναντία
1019 2312 1145 2375 τούτων
1177 2310 1227 2373 αἐὶ
1256 2307 1353 2373 πάντ’
1386 2309 1498 2385 αὐτοῖς

467 2411 747 2504 παραγενήσεσθαι
769 2413 814 2477 τοί
837 2412 952 2499 α’γαθοὶ
980 2411 1045 2499 μετ’
1078 2413 1202 2496 ἀγαθῆς
1229 2411 1340 2496 τιν’χηςς
1377 2421 1432 2477 aut
1452 2408 1496 2474 τοί

468 2513 582 2599 οἰγαθοὶ
603 2516 766 2601 glossema
786 2517 828 2582 ad
849 2518 979 2581 ἐναντία
1010 2536 1088 2583 csse¹
1103 2515 1304 2597 sumendum,
1341 2536 1425 2600 quae
1445 2512 1497 2579 via

469 2636 506 2683 eo
529 2621 633 2704 magis
657 2620 908 2703 commendatur,
939 2640 1002 2705 qno
1021 2618 1159 2699 facilius,
1185 2619 1212 2681 si
1230 2616 1320 2683 Plato
1341 2615 1492 2681 brevitate

467 2742 545 2786 usus
568 2744 627 2807 par
645 2722 704 2786 hos
727 2720 825 2789 libros
846 2744 913 2787 non
936 2720 1073 2803 insolita,
1109 2721 1179 2804 περὶ
1201 2717 1247 2782 τοί
1268 2720 1401 2783 ἐναντία
1423 2714 1493 2781 τοί-

468 2848 534 2886 των
559 2824 608 2886 αεὶ
635 2824 733 2888 παντ’
757 2821 868 2901 αὐτοῖς
898 2822 1177 2910 παραγενήσεσθαι
1206 2821 1271 2908 μετ’
1295 2820 1419 2904 οἱγαθῆς
1441 2817 1497 2882 τέ-

466 2950 521 3008 χης
542 2927 723 3012 scripserat,
746 2927 824 3013 quid
847 2949 960 2992 ausam
981 2926 1104 2991 dederit
1126 2925 1349 3012 supplementi,
1379 2924 1501 3010 perspi·

467 3028 558 3092 citur.
1286 3089 1297 3110 ,

552 3129 663 3195 Restat
684 3130 785 3214 locus,
808 3153 914 3218 quem,
937 3151 1035 3218 quum
1057 3133 1170 3196 merito
1185 3131 1218 3194 in
1238 3128 1501 3194 difficillimorum

467 3252 601 3298 numero
623 3233 666 3298 ab
689 3233 836 3300 omnibus
858 3233 1024 3315 habeatur,
1053 3234 1190 3298 hicnon
1214 3232 1413 3315 attingerem,
1438 3231 1501 3294 nisi

468 3356 490 3397 a
510 3335 588 3398 viris
614 3335 715 3399 doctis
740 3345 772 3400 et
799 3337 906 3423 ipsum
924 3338 993 3423 jam
1016 3338 1048 3400 in
1073 3357 1144 3400 eam
1172 3334 1383 3419 suspitionem
1405 3354 1500 3396 voca-

400 3465 403 3470 ·
468 3444 537 3510 tum
560 3435 713 3518 viderem,
736 3437 777 3500 de
801 3461 866 3523 qua
886 3439 966 3504 mihi
988 3459 1075 3502 nunc
1096 3437 1261 3520 negotium
1284 3445 1339 3500 cst.
1373 3435 1501 3520 Legun-

468 3545 520 3600 tur
549 3539 635 3604 enim
656 3560 731 3624 pag.
754 3533 847 3604 9600
872 3541 907 3604 in
935 3538 1126 3604 editionibus
1160 3548 1191 3602 et
1223 3536 1385 3606 codicibus
1420 3537 1500 3602 haee

469 3661 590 3724 magna
612 3661 653 3704 ex
677 3650 768 3726 parte
791 3651 959 3728 corrupta:

555 3747 617 3805 Αθ.
635 3738 681 3805 Ὦ
702 3745 829 3807 Κλεινία
857 3741 966 3806 πολλοὶ
988 3754 1054 3807 τῶν
1077 3747 1257 3829 ἔμπροσθεν
1280 3746 1382 3816 καλῶς
1406 3734 1499 3826 τέμνη-

467 3868 534 3921 ται,
568 3843 683 3929 σχεδὸν
706 3846 740 3908 δέ
763 3845 824 3924 οὐχ
846 3839 964 3932 ἥκιστα
984 3843 1029 3908 τοὶ
1050 3855 1115 3908 τῶν
1133 3851 1264 3931 Μοιρῶν
1283 3841 1496 3932 προςρήματα.

555 3951 613 4016 Κλ.
635 3955 723 4012 Ποῖα
746 3946 797 4023 dd3

468 4057 471 4062 ’
500 4076 504 4091 ·
553 4053 616 4116 Αθ.
648 4047 694 4112 Td
715 4046 855 4133 Λάχεσιν
882 4049 938 4135 μέν
959 4048 1018 4124 τὴν
1044 4049 1173 4136 προίτην
1192 4052 1284 4132 εἶναι,
1318 4047 1442 4114 Κλωθοέ
1465 4050 1499 4112 δὲ

463 4147 523 4225 τὴν
542 4149 702 4236 δευτέραν,
722 4149 782 4226 τήν
797 4149 966 4239 Ἄτροπον
988 4150 1025 4227 dd
1041 4154 1100 4234 (sic
1115 4151 1222 4234 codd)
1244 4153 1361 4238 τρίτην,
1388 4150 1498 4216 σοίτει-

463 4277 523 4338 ραν
560 4263 626 4316 τῶν
658 4253 837 4338 λεχθέντων
870 4253 1087 4340 ἀπεικασμένα
1117 4265 1158 4340 τῇ
1188 4265 1254 4318 των
1289 4255 1499 4332 κλωσθέντων

463 4365 510 4440 τῷ
531 4356 608 4441 πυρὶ
636 4352 696 4431 τὴν
723 4350 977 4444 οίμετοέστροφον
1008 4357 1266 4443 ἀπεργαζομένων
1288 4354 1438 4443 δέναριν·
1476 4350 1498 4420 ci
