3567 5500
456 953 565 1010 tamen
597 941 696 1010 multo
721 943 915 1010 recentioris.
971 943 1095 1010 Eadem
1118 952 1226 1010 autem
1259 967 1357 1012 manu
1390 948 1486 1012 inter·

458 1046 535 1112 dum
557 1047 654 1110 etiam
675 1046 781 1110 varlas
804 1043 959 1111 lectiones
984 1047 1161 1133 adscriptas
1185 1067 1265 1112 osso.

489 1193 494 1201 -
520 1148 573 1214 De
587 1148 710 1232 origine
724 1153 832 1212 autem
848 1148 918 1234 ejus
931 1157 1102 1235 apparatus
1118 1149 1197 1214 baec
1209 1159 1336 1215 exstant
1350 1151 1485 1216 indicia:

418 1283 423 1290 ·
459 1251 622 1331 Quantum
644 1270 686 1314 ex
697 1247 840 1314 Bekkeri
854 1258 887 1314 et
902 1249 1102 1316 Stallbaumii
1125 1252 1359 1317 commentariis
1380 1253 1487 1342 obser-

458 1353 533 1418 vavi
550 1354 584 1415 in
597 1352 732 1416 Parisini
755 1351 959 1417 adnotatione
981 1351 1140 1436 lectiones
1153 1352 1313 1418 habentur
1327 1354 1486 1440 quaedam

454 1457 525 1543 jam
549 1456 583 1518 in
605 1455 675 1520 eod.
699 1455 731 1518 a
752 1463 898 1539 repertae
920 1463 956 1518 ut
976 1452 1033 1540 χρὴ
1058 1461 1100 1540 (p.
1120 1453 1247 1539 χρόνον)
1269 1451 1342 1536 470,
1365 1454 1393 1521 1.

460 1555 591 1622 eaedem
623 1578 696 1620 cnm
723 1553 793 1619 cod.
815 1577 839 1619 x
859 1550 1273 1641 Π.136,12ἡγεμονικαι’;
1310 1578 1384 1622 cum
1414 1557 1482 1624 cod.

462 1660 493 1724 Ω
514 1668 577 1725 etr
610 1658 652 1722 II.
675 1653 726 1738 76,
746 1651 769 1722 2
788 1653 859 1740 μήθ’
880 1655 1014 1733 ἑαυτοῦς
1038 1655 1156 1722 ἀδικεῖν
1178 1655 1260 1742 μήθ’.

461 1759 655 1826 Communes
687 1781 761 1823 cum
794 1761 941 1844 margine
968 1760 1116 1825 Vaticani
1156 1763 1187 1826 Ω
1220 1761 1399 1847 permultae
1433 1761 1487 1826 ad-

461 1869 537 1926 sunt
558 1861 647 1936 velut
667 1861 710 1930 Π.
732 1855 806 1944 331,
817 1857 848 1928 5.
876 1861 919 1930 Π.
939 1856 1080 1943 333,16.
1108 1863 1151 1930 Il.
1176 1857 1248 1945 136,
1263 1858 1313 1930 23.
1346 1861 1389 1927 II.
1411 1857 1486 1946 294,

461 1959 492 2030 3.
515 1973 584 2046 eta,
622 1965 655 2028 in
679 1987 743 2051 quo
773 1986 907 2030 numero
936 1964 1112 2030 nonnullae
1143 1965 1294 2030 lectiones
1317 1974 1391 2030 sunt
1411 1967 1485 2030 satis

462 2065 694 2148 memorabiles,
725 2088 870 2154 quaeque
892 2065 1039 2132 altiorem
1057 2051 1183 2132 illarum
1204 2067 1325 2131 fontem
1348 2087 1418 2131 esse
1440 2066 1486 2131 lu·

464 2168 608 2235 colenter
629 2167 777 2254 probant
833 2168 944 2234 Altera
965 2177 1071 2234 autem
1101 2191 1177 2255 pars
1201 2167 1353 2234 lectiones
1376 2179 1490 2233 sunte
1587 2171 1588 2176 ’
1644 2196 1645 2214 ¹

390 2300 394 2307 ⁴
464 2272 576 2336 ceteris
592 2269 765 2352 codicibus,
789 2283 824 2335 ut
837 2270 973 2352 videtur,
994 2270 1176 2353 translatae,
1206 2273 1233 2335 si
1254 2270 1383 2357 quando
1402 2293 1422 2335 a
1439 2293 1486 2357 pr.

464 2380 492 2438 A
514 2383 545 2438 et
567 2376 599 2440 Ω
628 2373 856 2440 dissentiebant
889 2372 929 2438 cf.
956 2373 998 2437 H.
1023 2368 1159 2456 27012
1191 2372 1246 2459 (μῆ,
1277 2369 1429 2458 ζημιώσας
1461 2378 1488 2436 Α

373 2481 380 2490 ’
467 2478 498 2542 Ω
519 2500 581 2540 vx
606 2514 645 2524 -
668 2473 847 2561 ζημιούσθω
871 2477 905 2558 ft
928 2483 959 2540 ot
982 2499 1023 2562 γρ
1044 2479 1132 2558 ΑΩ)
1166 2486 1198 2542 et
1219 2477 1260 2542 Π.
1285 2471 1357 2558 120,
1382 2471 1412 2541 9.
1447 2475 1489 2543 Π.

465 2573 538 2662 324,
561 2574 613 2647 16.
637 2577 763 2660 (eadem
785 2588 882 2665 atque
903 2604 924 2640 a
937 2581 970 2661 Ῑ).

550 2682 846 2764 Praestantissimae
877 2701 954 2746 vero
984 2681 1205 2748 adnotationes
1229 2683 1328 2748 Paris.
1358 2690 1389 2761 et
1409 2681 1490 2759 Vat,

467 2809 615 2875 quaeque
644 2785 722 2853 alibi
754 2807 819 2850 non
850 2786 1054 2881 reperiuntur
1086 2786 1147 2849 nisi
1179 2786 1213 2849 in
1246 2806 1310 2869 mg.
1341 2782 1492 2849 Vossiani

467 2890 521 2969 (cf.
542 2911 640 2975 supra
659 2911 691 2974 p.
707 2885 772 2969 17),
795 2887 874 2953 baec
897 2896 983 2951 sunt:

551 2989 594 3054 II.
613 2985 687 3073 108,
706 2984 727 3055 8
748 3012 807 3076 pro
830 2982 923 3076 ttae,
956 2987 1044 3075 quod
1065 3009 1162 3054 sanan
1182 3008 1306 3054 cassum
1329 2998 1386 3069 est,
1417 2987 1495 3051 dant

595 3086 712 3169 illico.

552 3196 595 3261 II.
616 3190 689 3277 135,
713 3190 734 3260 9
756 3212 814 3281 pro
831 3192 911 3279 ,ἐμὸν
934 3201 1096 3281 praestant
1117 3190 1258 3278 νόμιμον.-

553 3299 596 3364 Π.
621 3294 694 3381 136,
717 3293 759 3363 18
780 3296 895 3379 βλαβέν
917 3293 975 3383 pro
999 3295 1138 3377 ἀβλαβές.
1234 3328 1257 3353 1.
1346 3308 1352 3317 ·

554 3402 596 3465 II.
621 3396 692 3483 136,
712 3395 755 3466 23
776 3402 889 3485 φιλίαν
911 3420 970 3485 pro
994 3394 1163 3484 διαφοράν.

554 3504 605 3569 Π.-
618 3498 693 3585 255,
716 3499 758 3568 10
779 3498 973 3589 repercuteret
996 3522 1054 3586 pro
1077 3494 1224 3585 πράττει.

556 3607 599 3672 Π.
620 3600 695 3689 263,
716 3600 737 3670 6
758 3603 960 3691 κεκραμένους
980 3625 1038 3688 pro
1061 3600 1283 3689 κεχρημένους

558 3709 695 3775 Accedit
726 3706 784 3772 ille
806 3707 906 3788 locus,
943 3728 1039 3793 quem
1071 3727 1167 3792 supra
1199 3703 1268 3767 dixi
1294 3703 1328 3766 in
1351 3698 1500 3786 omnibus

390 3848 395 3856 ·
473 3812 640 3881 codicibus
664 3809 847 3875 mutilatum
874 3808 988 3873 baberi
1021 3800 1321 3889 11.159,11-14.
1376 3799 1501 3867 Instau-

473 3926 561 3982 ratus
582 3914 667 3978 enim
688 3920 737 3977 est
758 3913 792 3976 in
815 3912 962 3997 margine
978 3909 1119 3974 Parisini
1152 3930 1194 3972 ex
1217 3906 1280 3972 alio
1306 3904 1416 3971 codice
1436 3906 1502 3984 (,,ἒν
1594 3959 1599 3965 .

474 4014 561 4101 ἄλλῳ
581 4015 615 4077 δὲ
637 4008 736 4089 οὕτως
756 4009 890 4097 etpost).

559 4118 640 4184 Item
662 4136 813 4199 magnam
844 4102 995 4178 lacunam
1022 4111 1145 4177 codicis
1166 4111 1304 4177 Parisini
1324 4104 1398 4190 405,
1417 4102 1503 4173 20-

474 4217 549 4303 406,
572 4215 671 4285 16111
692 4218 838 4300 margine
861 4238 960 4281 manu
989 4217 1066 4281 satis
1090 4216 1224 4302 antiqua
1246 4217 1342 4294 (saec.
1367 4210 1427 4275 XI.
1449 4207 1503 4273 vel

452 4324 574 4406 .ΧΠ.),
610 4340 807 4410 quamquam
839 4340 903 4383 non
926 4318 1027 4405 ipsius
1060 4315 1198 4400 librarii,
1234 4313 1400 4401 expletam
1424 4331 1503 4391 esse,

477 4449 518 4492 ex
538 4423 645 4491 Felsio
667 4422 823 4508 comperi;
861 4420 1041 4507 eademque
1070 4441 1169 4485 manu
1192 4418 1288 4483 etiam
1309 4425 1395 4480 totus
1415 4413 1505 4486 locus
