3567 5500
792 744 814 816 7

286 928 360 1015 328,
372 928 394 999 2
408 942 439 997 et
448 929 500 1000 23.
529 934 750 1024 Complurium
770 937 1003 1002 vocabulorum
1026 937 1124 1001 series
1147 934 1314 1022 aliquoties

235 1068 239 1072 ·
287 1036 321 1097 in
343 1035 405 1098 hoo
428 1058 557 1123 quoque
577 1037 687 1104 codice
706 1039 835 1122 exoidit,
858 1039 898 1104 of.
920 1033 995 1121 239,
1016 1033 1154 1105 20-22.
1176 1037 1219 1101 ΙΙ.
1242 1031 1313 1118 165,

287 1132 421 1204 10-12.
443 1138 485 1201 Π.
510 1134 583 1220 185,
596 1135 689 1206 648.
715 1141 757 1206 II.
779 1138 851 1224 159,
876 1138 1011 1210 16-17,
1036 1141 1079 1205 II.
1092 1134 1314 1222 301,17-18.

231 1262 242 1280 .
285 1238 330 1302 Et
351 1240 384 1303 in
403 1242 570 1326 postremis
593 1241 720 1308 duobus
744 1251 842 1309 eausa
861 1245 1044 1310 omissionis
1064 1241 1233 1308 manifesta
1252 1249 1316 1305 est:

284 1341 369 1405 Nam
383 1365 480 1428 quum
496 1344 581 1418 idern
596 1368 697 1431 parvo
712 1346 883 1412 intervallo
897 1345 1015 1412 rediret
1028 1343 1236 1424 vocabulum(
1258 1340 1315 1405 ἐὰν

284 1442 338 1508 vel
353 1446 406 1505 καὶ
422 1444 499 1527 ἐὰν),
525 1446 691 1513 'scribentis
706 1447 791 1514 oculi
812 1448 853 1514 ab
866 1470 933 1513 uno
947 1447 989 1513 ad
1004 1447 1140 1513 altemm
1154 1445 1313 1511 errabant.

370 1546 589 1612 Librariorum
624 1548 845 1615 additamenta
882 1551 1034 1638 pauciora
1059 1548 1217 1630 invenias,
1257 1548 1313 1613 vix

283 1649 366 1731 duo,
404 1660 558 1736 quantum
593 1653 673 1733 seio,
712 1663 848 1718 exstant.
889 1652 960 1718 Neo
985 1650 1204 1738 frequentiora
1230 1657 1314 1732 sunt,

283 1774 369 1838 quae
385 1775 426 1816 ex
441 1752 572 1817 arbitrio
587 1754 779 1841 interpolata
799 1757 1019 1834 inveniuntur,
1042 1762 1074 1818 et
1089 1763 1162 1818 sunt
1174 1752 1312 1852 plerum-

284 1877 348 1941 que
372 1853 470 1919 levia:
506 1849 580 1939 274,
602 1854 644 1923 16
666 1852 782 1939 (67311)
803 1857 962 1945 pluralem
991 1879 1050 1944 pro
1083 1855 1171 1920 duali
1194 1856 1311 1942 posuit,

282 1957 315 2021 Π
343 1953 420 2040 116,
456 1955 496 2024 13
526 1955 633 2042 (8498)
658 1957 770 2023 ἐάντε
793 1983 853 2047 pro
877 1962 931 2022 καὶ
954 1953 994 2022 ἂν
1017 1960 1164 2044 scripsit,
1181 1957 1215 2022 H
1235 1951 1310 2038 282,

283 2055 326 2125 10
349 2055 458 2140 (9425)
480 2060 586 2124 αὐτοῦ
605 2085 663 2148 pro
684 2064 808 2126 ἐκείνου.

368 2161 593 2247 Negligentiae
623 2163 763 2252 denique
794 2164 953 2251 permulta
984 2163 1122 2248 vestigia
1156 2172 1314 2249 apparent

285 2285 387 2352 eaque
410 2288 453 2328 ex
478 2276 569 2351 parte
589 2268 666 2330 satis
689 2291 844 2354 expressa
864 2277 895 2333 et
915 2266 1082 2348 mirabilia,
1115 2264 1205 2330 velut
1237 2259 1312 2347 236,

284 2363 334 2432 12.
357 2369 490 2443 πολίτης
511 2391 569 2455 pro
592 2367 696 2444 πολλή
718 2393 779 2452 τις)
799 2363 874 2451 238,
896 2365 926 2437 5.
949 2375 1008 2456 pro
1030 2365 1105 2453 παρ’
1128 2365 1241 2442 αὐτοῖς
1264 2389 1311 2432 re·

284 2471 364 2554 petit
382 2469 576 2535 antecedens
607 2473 689 2556 μετοὶ
719 2475 871 2552 σπουδῆς,
891 2465 973 2553 239,
1008 2467 1107 2557 9pro
1134 2481 1200 2546 πῶς
1232 2471 1311 2536 anti-

285 2572 370 2657 cipat
390 2594 531 2658 sequens
546 2571 618 2660 φῄς)
640 2568 779 2658 242717.
794 2575 999 2661 προαιρέσεως
1021 2597 1079 2661 pro
1101 2573 1313 2658 προρρήσεως

285 2667 358 2755 246,
386 2670 417 2741 4.
441 2673 500 2750 τὴν
521 2697 579 2762 pro
601 2675 642 2738 τὸ
665 2679 824 2765 (sequitur
843 2673 1015 2758 σπουδὴν);
1041 2671 1188 2758 255,17.
1212 2670 1311 2750 ξύνισ-

288 2768 341 2857 ρεν
358 2797 416 2860 pro
431 2778 579 2863 ξυνίεμεν,
603 2771 678 2860 256,
703 2776 754 2845 19.
777 2777 815 2853 δὴ
833 2801 892 2865 pro
917 2779 966 2856 δὲ,
994 2774 1069 2861 260,
1092 2774 1145 2846 21.
1168 2779 1231 2863 δρᾶ
1251 2800 1310 2863 pro

167 2934 172 2945 ,
288 2877 362 2960 δρνῇ
384 2872 456 2960 264,
477 2876 507 2945 9.
543 2879 616 2941 οὐδὲ
638 2902 698 2966 pro
721 2877 797 2957 ὦδε,
826 2876 901 2965 264,
922 2880 973 2949 23.
1008 2881 1098 2945 τοῦτ’
1121 2904 1179 2969 ΡΥΟ
1202 2878 1312 2963 wilfi

286 2973 398 3060 276,1
429 3004 488 3067 pro
522 2980 598 3064 your}
624 2986 678 3045 καὶ
701 2983 779 3069 legit
811 2987 956 3069 γυναικί)
991 2978 1065 3066 278,
1089 2980 1109 3050 9
1140 3006 1199 3070 pro
1232 2982 1311 3045 τοτὲ

287 3080 364 3141 τοτὲ
384 3081 482 3146 habet
501 3080 584 3147 πότε
605 3083 700 3167 πότε;
723 3082 796 3169 287,
820 3084 863 3152 14
883 3083 1130 3171 ἅντιπουμένους
1148 3105 1207 3172 pro
1230 3084 1312 3147 α’πο·

288 3184 517 3266 τυπουμένους,
551 3181 625 3269 289,
658 3184 710 3254 24.
746 3187 973 3264 πληθυνόντων
1006 3211 1064 3275 pro
1086 3185 1312 3264 πληθυόντων,

288 3276 361 3363 298,
382 3278 433 3350 22.
456 3285 590 3369 ἐχόντων
609 3312 668 3375 pro
690 3290 835 3375 ἐχόντως,
860 3287 934 3374 300,
956 3286 985 3356 3.
1009 3288 1232 3376 διανοούμενον
1253 3309 1312 3376 pro

286 3385 475 3472 δηλούμενον
498 3399 529 3455 et
551 3390 672 3478 ubique
700 3394 825 3459 similia.
1303 3382 1320 3431 Ι·

370 3490 474 3558 Venio
496 3492 538 3558 ad
558 3494 707 3561 ultimum
727 3495 922 3562 deteriorum
937 3497 1092 3579 codicum,
1114 3518 1197 3579 eum,
1218 3512 1314 3582 quern

282 3594 455 3659 Bekkerus
478 3594 570 3660 litera
591 3623 610 3657 v
633 3597 783 3683 designat
800 3604 832 3680 ¹).
876 3600 910 3665 Is
931 3600 964 3663 in
986 3598 1121 3685 singulis
1147 3595 1318 3664 vocabulis

282 3719 348 3762 non
367 3699 475 3761 minus
498 3700 610 3762 ceteris
633 3701 813 3767 omissionis
827 3704 906 3767 vitio
927 3698 1066 3777 laborat:
1091 3709 1162 3766 ooto
1177 3699 1256 3765 locis
1272 3720 1318 3764 ex

282 3799 383 3864 altero
419 3801 577 3885 tertioque
598 3800 682 3866 libro
712 3798 798 3885 (250,
825 3796 877 3869 23.
906 3796 978 3885 262,
999 3798 1051 3869 22.
1080 3798 1153 3885 275,
1178 3798 1208 3870 9.
1238 3795 1313 3885 284,

281 3900 333 3967 11.
372 3895 448 3982 292,
470 3897 501 3967 9.
532 3896 680 3985 29817.
720 3900 799 3988 305,
821 3901 852 3971 8.
894 3900 975 3987 315,
997 3901 1040 3984 6).
1098 3904 1202 3971 Multo
1235 3927 1312 3970 vero

280 4006 385 4090 magis
407 4002 483 4067 huie
506 4000 589 4069 libro
613 4008 766 4092 perniciei
789 4018 865 4091 erat,
899 4008 986 4094 qu'od
1008 4010 1116 4073 nescio
1141 4030 1206 4095 qua
1227 4006 1315 4072 festi-

279 4107 412 4171 natione
436 4114 492 4169 aut
512 4108 669 4189 soeordi'a,
692 4111 749 4196 qui
772 4132 845 4174 eum
869 4110 1009 4196 scripsit,
1038 4132 1142 4197 usque
1161 4118 1254 4191 totos,
1277 4118 1315 4173 ut
1381 4128 1397 4147 ·

279 4208 417 4290 videtur,
453 4229 565 4272 versus
588 4212 815 4294 praetermisit,
846 4212 880 4276 id
904 4211 991 4297 quod
1013 4234 1111 4300 quum
1133 4210 1203 4275 aliis
1218 4209 1314 4293 loeis,

277 4323 346 4378 tum
365 4307 421 4373 ubi
440 4308 552 4375 eadem
575 4309 677 4377 verba
696 4324 874 4396 recurrunt,
896 4315 1001 4379 minus
1021 4313 1150 4379 attentis
1169 4313 1316 4379 accidere

349 4537 375 4605 1)
411 4536 460 4589 Est
478 4532 535 4589 eod.
552 4534 733 4593 bibliothecae
750 4538 895 4608 Argolicae
931 4540 1031 4595 saeculi
1050 4536 1121 4593 XVI.
1160 4510 1176 4544 ⁴
