3567 5500
740 704 953 870 '11

307 955 404 1037 igitur
426 946 632 1014 concordiam
658 969 768 1021 eorum
789 952 968 1016 cernamus.
1013 949 1105 1030 Quae
1127 974 1192 1017 non
1213 959 1336 1018 tantum

307 1057 341 1120 in
361 1053 479 1119 talibus
504 1051 674 1138 perspicua
699 1059 755 1132 est,
780 1052 890 1138 qualia
912 1051 1062 1138 leguntur
1075 1047 1149 1135 231,
1171 1050 1192 1119 4
1214 1049 1336 1135 (652a):

306 1158 379 1221 Par.
404 1153 501 1218 ἔνεστ’
523 1156 555 1218 ἐν
582 1191 617 1200 —-
639 1177 663 1216 x
685 1152 770 1218 idem
793 1147 867 1246 (cet.
891 1161 1014 1219 ἔνεστιν
1034 1158 1089 1237 ἐν),
1108 1151 1183 1238 257,
1207 1153 1249 1221 14
1271 1159 1337 1218 δεῑν

307 1269 417 1322 ταῦτα
438 1281 462 1321 x
484 1278 558 1320 cum
579 1255 609 1318 A
633 1247 758 1350 (vacivo
781 1259 847 1319 δεῖν
869 1257 932 1338 *ς),
952 1251 1028 1341 283,
1049 1253 1090 1323 21
1117 1259 1333 1342 γενναιότατα

306 1373 442 1448 uterquc
478 1351 532 1453 (*ς
563 1353 782 1443 δικαιότατα),
825 1355 900 1443 405,
930 1356 952 1425 4
980 1363 1145 1425 ἑαυτοῖσιν
1180 1361 1233 1446 (*’ς
1265 1365 1336 1424 ἑαυ-

306 1469 397 1542 τοῖς).
441 1462 485 1525 Π.
519 1457 623 1543 49,1,
656 1458 885 1538 ἑξηκοντούτας
919 1463 978 1543 (sic
1004 1463 1034 1526 A
1070 1465 1104 1526 in
1137 1463 1243 1546 litura)
1277 1473 1335 1528 cet.

306 1561 543 1642 ἑξηκοντούτας.
567 1563 610 1626 ΙΙ.
635 1556 708 1644 142,
731 1559 781 1629 13.
803 1562 944 1650 καθαρός
964 1589 1012 1640 τις
1037 1565 1081 1628 Π.
1105 1559 1155 1648 13,
1183 1560 1224 1632 10
1247 1567 1335 1651 μεχγιὶ

311 1679 387 1731 τῶν
411 1668 442 1742 ἐξ
473 1670 561 1730 ἐτῶν.
605 1664 639 1728 Π
660 1660 733 1746 101,
768 1662 810 1730 12
830 1667 848 1729 ὁ
870 1668 904 1729 δὲ
932 1667 969 1742 δὴ
997 1673 1068 1747 (cet.
1099 1667 1115 1728 ὁ
1140 1667 1172 1729 δὲ
1198 1667 1251 1732 vel
1284 1661 1353 1751 ὅδε1

305 1765 372 1864 dd),
402 1769 460 1834 sed
484 1769 579 1863 etiam
603 1788 662 1853 per
686 1768 764 1832 vitia
786 1778 818 1832 ct
840 1791 964 1834 errores
991 1778 1155 1856 tamquam
1185 1771 1335 1834 comitem
1459 1798 1468 1864 ὁ·

250 1863 253 1871 ’
306 1872 437 1939 fidelem
451 1870 546 1952 infra,
566 1869 622 1933 ubi
644 1870 685 1934 de
707 1870 817 1935 codice
831 1871 978 1936 Parisino
995 1893 1099 1936 sermo
1123 1873 1190 1955 erit,
1216 1881 1335 1937 sectan-

305 1986 371 2041 tem
392 1972 582 2039 videbimus.
627 1972 700 2036 Hoc
722 1970 795 2038 loco
827 1973 859 2038 id
884 1983 982 2038 restat
1009 1975 1335 2058 commemorandum,

289 2078 513 2153 ,Vossianum‚
534 2075 721 2161 ubicunque
742 2085 917 2141 correctam
941 2077 975 2140 in
997 2077 1142 2142 Parisino
1166 2077 1335 2142 lectionem

216 2263 222 2270 .
307 2203 387 2261 esse,
406 2179 506 2266 idque
519 2201 539 2242 a
553 2179 728 2242 vetustiore
742 2201 850 2260 manu,
867 2188 1040 2261 enarretur,
1057 2179 1246 2267 plerumque
1262 2203 1335 2244 cum

305 2282 369 2347 illis
382 2279 641 2362 correctionibus,
652 2290 688 2344 ut
703 2280 838 2361 videtur,
852 2282 1079 2368 antiquissimis
1091 2282 1199 2347 facere
1212 2282 1252 2348 cf.
1262 2278 1334 2366 436,

305 2382 356 2453 16.
381 2379 455 2465 409,
477 2380 507 2448 6.
527 2378 601 2464 418,
624 2377 675 2449 10.
698 2377 982 2466 474,16.Π.-34,
1005 2381 1034 2448 7.
1057 2384 1099 2449 Π.
1119 2381 1169 2468 69,
1193 2383 1243 2452 16.
1266 2385 1334 2451 Νοε

304 2509 377 2552 raro
411 2508 485 2550 cum
505 2487 588 2550 notis
609 2487 643 2561 in
667 2486 813 2568 margine
844 2487 913 2572 ejus
936 2487 1103 2572 adscriptis
1126 2487 1167 2556 cf.
1186 2482 1260 2570 472,
1282 2484 1333 2555 14.

305 2591 339 2655 Π
361 2587 411 2672 76,
423 2583 454 2653 2.
486 2582 764 2665 Π.136,12.“Π.
790 2583 841 2666 64,
852 2584 883 2654 2.
918 2590 960 2653 ΙΙ.
985 2585 1035 2672 64,
1047 2584 1077 2654 2.
1111 2584 1335 2680 Π.12Ο,9ε1

304 2691 408 2779 plura,
432 2713 515 2779 quae
537 2699 650 2777 postea
670 2691 704 2755 in
729 2714 766 2756 eo
789 2712 924 2756 numero
949 2692 1138 2775 afferentur,
1161 2693 1195 2756 in
1218 2715 1281 2779 quo
1303 2693 1335 2759 A

307 2804 339 2859 et
359 2798 389 2856 Ω
413 2795 622 2859 consentiunt.
667 2794 775 2880 Atque
800 2793 880 2859 haec
913 2794 1045 2881 quidem
1079 2795 1269 2861 concordiae
1304 2805 1335 2862 et

306 2897 549 2983 propinquitatis
569 2897 739 2982 utriusque
761 2907 853 2961 erant
881 2897 1083 2963 documenta·
1128 2898 1334 2963 Diversitatis

289 3007 416 3076 ,contra
440 2998 520 3063 haec
552 3007 678 3077 exstant
707 3021 828 3084 magna
859 3023 900 3063 ex
934 3009 1025 3086 parte
1053 3000 1138 3067 levia
1171 3009 1202 3065 et
1234 3000 1333 3086 negli-

303 3103 411 3185 gentia
431 3089 485 3166 vel
507 3124 584 3165 casu
606 3100 756 3165 oriunda:

388 3196 462 3283 247,
484 3199 527 3267 15
547 3202 651 3287 φαμὲν
672 3224 730 3288 pro
753 3214 882 3288 φαῖμεν.

389 3297 464 3385 306,
487 3298 529 3368 12
548 3315 664 3389 φαῖμεν
689 3327 747 3391 pro
768 3318 882 3391 φαμεν.

388 3400 719 3488 313,15τοδςεἰ’ς
753 3432 783 3472 τι
819 3432 878 3494 pro
910 3411 997 3487 τούς
1018 3434 1048 3475 τι
1067 3410 1107 3474 ef.
1130 3410 1173 3474 H.
1196 3405 1270 3493 327,
1292 3406 1334 3476 16

278 3503 366 3585 ,οὓς
387 3508 536 3592 βλεπτέον
557 3532 618 3595 pro
642 3513 697 3586 εἰς
720 3502 736 3571 6
760 3512 920 3593 βλεπτέον.
1156 3526 1162 3533 “

385 3608 459 3694 319,
482 3608 524 3677 14
545 3610 679 3696 λέγοιμεν
701 3634 760 3699 pro
780 3613 917 3699 λέγομεν.

385 3714 428 3781 Π.
451 3708 522 3796 107,
546 3710 587 3780 16
605 3711 662 3779 τὸν
681 3724 833 3781 τοιοῦτον
865 3739 923 3802 pro
957 3727 1019 3781 τῶν
1047 3714 1197 3782 τοιούτων
1235 3716 1276 3780 cf.
1297 3716 1331 3780 II

300 3813 372 3899 119,
395 3812 447 3883 16.
470 3815 513 3878 Π.
540 3810 617 3899 223,
636 3812 666 3882 6.

385 3913 458 4000 322,
480 3914 510 3983 8.
533 3915 627 3993 αὐτὸς
648 3941 707 4005 pro
730 3916 828 3985 αὐτὸν
872 3921 912 3985 cf.
935 3921 970 3985 Π
1000 3916 1051 4004 82,
1080 3918 1129 3987 14.
1161 3922 1195 3986 ΙΙ
1215 3917 1289 4006 223,
1312 3920 1333 3989 9

299 4020 413 4105 (λόγον
434 4043 494 4107 pro
515 4017 629 4102 λόγος).
651 4020 693 4084 II.
716 4017 789 4104 281,
814 4018 864 4088 19.
890 4024 934 4087 Π.
957 4018 1032 4105 263,
1055 4020 1105 4090 16.

383 4118 457 4203 327,
479 4117 500 4187 3
522 4132 554 4187 et
574 4120 597 4188 4
617 4123 805 4210 ξυνεφέπετο
832 4164 873 4173 -
901 4124 1032 4201 εἰδόντες
1050 4149 1107 4211 pro
1124 4118 1332 4217 ξονεφέστετο
1409 4116 1414 4127 ’

298 4264 339 4301 ,-
361 4223 473 4301 εἰδότες
496 4224 536 4288 cf.
557 4225 591 4288 Π
612 4220 686 4309 288,
707 4224 730 4292 4
750 4226 881 4303 εὐθύτης
905 4252 963 4315 pro
985 4226 1141 4305 εὐθύναις.

383 4323 456 4411 395,
477 4324 506 4394 7.
531 4324 569 4403 δὴ
592 4325 628 4393 τδ
651 4325 788 4396 δύνατον
809 4352 869 4416 pro
891 4335 932 4407 εἰς
952 4328 989 4395 cd
1013 4327 1161 4395 δυ’νατον.

382 4426 455 4514 412,
475 4426 505 4496 3.
528 4430 645 4497 omittit
666 4426 733 4508 miv,
755 4432 798 4496 Π.
822 4427 893 4515 188,
930 4429 970 4497 17
998 4455 1059 4503 om,
1094 4432 1127 4495 δέ
1148 4436 1189 4517 (τί
1212 4432 1249 4497 οὐ
1272 4458 1330 4527 pro

294 4537 327 4603 τί
350 4529 379 4596 δ’
401 4531 461 4617 οὐ).
876 4559 883 4580 1
