3567 5500
778 751 821 824 27

282 947 403 1030 adsint,
440 946 599 1011 at”multo
623 945 720 1032 plura
747 945 916 1033 usquead
948 952 1075 1010 sextum
1102 942 1221 1008 lssrrnm
1247 964 1314 1008 non

282 1047 382 1114 credo
404 1049 550 1135 conquiri
573 1069 679 1134 posse.
723 1048 847 1114 Contra
867 1056 914 1112 tot
935 1045 1088 1111 lectiones
1107 1067 1149 1112 ex
1166 1044 1312 1111 Parisino

282 1153 396 1215 autin
423 1151 619 1214 correctione
643 1152 754 1215 autin
783 1151 931 1234 margine
963 1147 1070 1230 habet,
1105 1156 1141 1211 ut
1174 1145 1313 1212 dubitari

280 1260 432 1338 nequeat,
450 1251 533 1337 quin
556 1251 732 1339 aliquando
754 1273 828 1316 cum
849 1251 998 1316 Parisino
1021 1259 1076 1314 aut
1097 1247 1161 1314 alio
1184 1253 1313 1336 propin·

281 1376 347 1440 quo
375 1352 424 1416 illi
454 1353 565 1418 codice
595 1352 731 1418 collatus
761 1355 811 1417 sit.
867 1352 934 1417 Sed
958 1351 1044 1416 iinde
1065 1374 1085 1416 a
1109 1359 1199 1416 sexto
1230 1350 1312 1416 libro

280 1454 452 1520 multitudo
480 1456 608 1542 parium
632 1458 667 1518 in
689 1465 832 1542 utroque
850 1453 994 1520 errorum
1016 1457 1120 1540 magis
1144 1454 1313 1540 magisque

280 1555 498 1639 increbreocit,
526 1568 564 1624 ut
585 1558 712 1624 codices
732 1559 794 1644 ipsi
815 1580 883 1623 non
896 1558 968 1644 jam
989 1556 1104 1639 eidem,
1128 1557 1184 1643 qui
1206 1564 1311 1638 antea,

214 1745 217 1748 ἦ
281 1681 353 1724 esse
376 1660 564 1724 videantur<
600 1660 720 1746 Atque,
746 1682 789 1724 ne
808 1659 930 1724 diutius
952 1661 986 1724 in
1008 1660 1055 1746 iis,
1068 1667 1241 1741 moremur,
1264 1659 1312 1723 in·

281 1763 427 1846 signiora
446 1771 574 1827 tantum
597 1785 698 1827 exeo
721 1785 856 1828 numero
879 1784 1052 1848 apponam.
1140 1793 1152 1836 ς

348 1864 495 1950 Uterque
517 1866 614 1950 igitur
635 1865 748 1931 habet:

366 1962 490 2049 ἀγῶνας
508 1990 568 2054 pro
590 1966 726 2051 ἀγωνίας
737 1965 778 2046 (ί)
792 1968 825 2050 *)
847 1961 922 2048 438,
944 1961 975 2031 3.
996 1961 1073 2044 (764
1082 1966 1139 2045 D.)
1198 2029 1206 2040 ,

364 2069 573 2154 τριακοντὲτη
594 2092 653 2156 pro
674 2069 908 2155 τριακονταέτη
928 2069 972 2133 Il.
994 2063 1069 2149 317,
1092 2064 1142 2136 li.
1169 2064 1243 2149 (961
1256 2067 1309 2148 Β.)

364 2169 533 2257 δεκάτηρος
555 2194 613 2259 pro
635 2171 818 2257 δεκαέτηγνος
837 2165 912 2254 452,
927 2165 958 2236 8.
980 2164 1055 2250 (772
1069 2169 1121 2256 Β),
1142 2171 1204 2256 nisi
1227 2170 1309 2236 forte

365 2272 480 2360 aliquio
514 2297 589 2339 cum
617 2273 816 2338 Schneidero
849 2273 1012 2362 praeferat
1043 2272 1219 2358 δεκαέτηρις
1251 2277 1308 2352 (sc.

432 2375 556 2462 ἑορτή),
579 2377 667 2465 quod
687 2397 810 2460 vereor,
838 2386 875 2442 ut
898 2377 933 2440 in
951 2377 1145 2441 sententiam
1166 2373 1309 2462 quadret

365 2474 426 2553 τάς
446 2501 505 2564 pro
527 2489 592 2554 πᾶς
611 2475 685 2558 453,
708 2476 740 2545 4.

367 2585 528 2666 ἔμπροσθε
550 2604 611 2667 pro
633 2590 693 2646 cet.
717 2586 897 2665 ἔμπροσθεν
917 2576 991 2662 455,
1009 2574 1042 2648 5.

366 2681 507 2770 διαφοραί
530 2706 590 2771 pro
613 2680 779 2770 διαφθοραὶ
799 2682 843 2746 Π,
867 2678 920 2760 10,
938 2679 970 2750 5.
1095 2694 1099 2701 ’

367 2782 550 2862 δοκούντων
571 2808 629 2873 pro
652 2788 813 2849 δοκοῦντα
835 2780 951 2868 Π.12,
975 2781 1026 2855 15.

367 2889 612 2975 τετρνφωμένων
633 2911 692 2976 pro
713 2887 956 2974 τετρυχωμένων
978 2887 1021 2953 Π.
1042 2883 1093 2965 39,
1109 2882 1141 2955 2.
1156 2886 1199 2969 (h.
1201 2889 1218 2971 )

366 2994 448 3077 ῥῆμα
471 3014 529 3078 pro
552 2986 648 3077 ἤρεμα
669 2990 712 3057 ΙΙ.
736 2988 789 3073 64,
810 2986 842 3056 2.

365 3097 454 3157 λειῶν
474 3115 533 3179 pro
555 3096 688 3168 θηλειῶν
706 3093 749 3158 Π.
769 3088 872 3175 31,1.

369 3190 739 3279 umfflstffli

282 3466 334 3523 οὐκ
356 3462 412 3521 aiud
434 3474 489 3521 τοῦ
508 3462 584 3531 §riou
604 3461 656 3532 τὴν
678 3467 829 3545 παροιμίαν
855 3465 983 3539 λέγεσθαι
1004 3464 1068 3520 ἀλλ’
1091 3461 1146 3520 ἀπὸ
1165 3472 1218 3521 τοῦ
1235 3472 1309 3521 νοῦ;

282 3550 338 3608 αιιό
356 3570 430 3619 τινος
447 3558 501 3608 νοῦ
518 3561 690 3607 καταπεσεῖν.
734 3557 820 3622 Atque
841 3556 910 3623 apud
931 3554 1136 3621 Aristophanem
1156 3555 1242 3621 ipsum
1269 3559 1310 3605 eat

280 3642 383 3709 lepidus
409 3641 551 3693 verborum
577 3642 652 3693 lusus
674 3642 799 3707 (utillud
819 3642 909 3711 γαλῆν
929 3638 1005 3717 ὁρῶ),
1035 3656 1111 3707 quom
1129 3642 1205 3691 Plato
1222 3641 1310 3707 potius

282 3731 383 3781 evitare
392 3727 514 3792 ridetur,
532 3742 614 3793 quum
631 3727 701 3780 dicat
722 3720 889 3791 ἀπότινος
907 3721 985 3779 ὄνου.

334 3849 356 3914 ·)
390 3848 472 3914 vulgo
489 3850 633 3914 corrigitur
652 3845 780 3917 ἀγωνίας.
807 3848 859 3900 Sed
877 3844 978 3909 dubito,
996 3862 1059 3898 num
1077 3851 1149 3897 recte
1166 3847 1309 3913 corrigant.

279 3936 346 3986 Nam
367 3931 476 4003 ἀγωνία
493 3940 520 3983 ct
540 3950 624 4001 parva
649 3934 847 4002 intercapedine
868 3940 930 4003 post
950 3938 976 3985 et
993 3932 1054 3983 aliis
1071 3932 1137 3983 locia
1155 3932 1200 3997 (of.
1217 3934 1266 3985 831
1287 3948 1309 3985 c.

279 4022 374 4087 8340.)
392 4025 432 4071 eat
450 4020 605 4072 exercitatio
626 4022 846 4089 gymnastica,
878 4036 945 4087 quae
962 4014 1069 4071 muricia
1084 4017 1180 4070 studiis
1200 4019 1310 4085 opponi·

279 4109 330 4157 tur.
365 4102 485 4171 Utrique
503 4110 590 4158 autern
609 4107 764 4159 exercitatio
786 4112 813 4157 et
829 4108 954 4157 musica
971 4110 998 4156 ot
1017 4104 1226 4171 gymnastico
1253 4121 1310 4173 ape-

279 4193 334 4244 cica
352 4192 458 4258 generis
476 4192 554 4242 unius
571 4192 702 4257 dicuntur,
730 4192 801 4260 quod
817 4208 902 4260 genua
926 4194 954 4243 in
974 4190 1162 4244 certaminibus
1182 4195 1309 4252 versatur,

279 4278 430 4345 oppoaitum
446 4278 514 4330 illud
534 4278 640 4344 quidem
656 4280 698 4329 illi
717 4282 811 4346 generi
830 4279 1006 4341 educationis,
1036 4276 1108 4343 quod
1128 4268 1255 4327 παιδείαν
1272 4276 1311 4327 di·

280 4364 328 4415 eit:
358 4362 429 4427 vida,
445 4365 492 4426 aia,
518 4366 610 4431 paullo
627 4371 707 4417 antea
723 4358 790 4429 τούς
810 4353 858 4433 μὲν
875 4358 1011 4452 παιδεία(δ
1020 4360 1116 4421 αὐτῶν
1134 4357 1220 4423 ἕνεκα,
1242 4354 1311 4424 τούς

279 4441 308 4501 δι’
327 4444 512 4518 ἀγωνιστικῆς
554 4452 589 4501 Et
609 4448 788 4520 ἀγωνιστικῆς
805 4444 834 4505 δὲ
851 4448 880 4507 ίν
897 4468 927 4507 τι
948 4455 1009 4513 τοῖς
1033 4453 1172 4519 γυμνικοῖς
1190 4448 1309 4503 scriban-

279 4532 341 4587 dum
359 4550 416 4590 eoae
434 4536 556 4592 arbitror.
665 4552 669 4561 ·
