3567 5500
928 686 993 763 106

532 875 608 948 Ath.
629 874 671 954 ad
689 888 840 945 τοιοῦτον
860 876 983 967 φράζω·
1014 886 1085 944 ἔστι
1106 906 1170 946 που
1191 882 1268 967 δίχα
1290 920 1332 933 ·-
1356 879 1476 966 εἰςῖσοι

448 973 505 1043 δύο
524 978 607 1065 μέρη.

533 1183 609 1249 Ath.
632 1196 699 1271 μῶν
719 1183 784 1252 οὖν·
798 1185 836 1250 οὔ
859 1170 995 1275 atquae
1019 1199 1204 1275 sequuntur.

467 1270 480 1293 ⁸
533 1286 636 1353 Facili
656 1291 744 1356 enim
765 1312 865 1378 opera
890 1292 1115 1378 unusquisque
1135 1290 1299 1377 intelliget,
1335 1293 1391 1379 qui
1414 1290 1478 1357 fae-

447 1397 518 1472 tum
538 1391 587 1473 sit,
621 1392 759 1459 utillud
780 1390 822 1456 τὸ
843 1402 995 1457 τοιοῦτον
1015 1389 1136 1483 φράζω,
1159 1393 1256 1482 quod,
1280 1393 1479 1481 negligentia

450 1490 527 1557 olim
550 1495 713 1579 omissum,
742 1519 800 1563 suo
822 1496 893 1564 loeo
915 1495 1136 1583 reponendum
1157 1507 1234 1582 erat,
1257 1518 1315 1584 per
1337 1518 1478 1561 errorem

424 1614 471 1662 za
489 1594 595 1660 scriba
619 1619 637 1662 e
661 1598 806 1683 margine
832 1600 922 1679 inter,
949 1600 1126 1685 posteriora
1147 1597 1352 1668 Atheniensis
1380 1599 1480 1665 verba

451 1698 678 1784 susciperetur.

536 1800 683 1867 Eandem
703 1800 861 1868 medelam
881 1802 938 1869 alii
962 1802 1032 1869 loeo
1062 1802 1278 1870 adhibendam
1300 1826 1370 1869 esse
1391 1814 1479 1892 puto.

450 1903 526 1969 Non
557 1903 642 1968 enim
675 1906 832 1971 immerito
864 1928 941 1993 pag.
962 1901 1065 1972 888A
1097 1906 1181 1990 ἡμῶν
1203 1906 1236 1969 in
1259 1904 1322 1971 illis
1352 1906 1390 1969 οὐ
1418 1905 1480 1994 ροὶρ

452 1999 520 2091 ἅμα
535 2030 569 2090 γε
583 2008 630 2070 δεῖ
645 2017 780 2092 μανῆναι
794 2006 871 2084 τούς
886 2008 941 2094 μὲν
955 2006 1019 2073 ὑπὸ
1044 2009 1232 2094 λαιμαργίας
1253 2006 1362 2085 ἡδονῆς
1384 2009 1482 2094 ἡμῶν

390 2105 396 2111 ’
452 2107 529 2185 τοὺς
562 2107 589 2171 d'
618 2108 683 2172 ὑπὸ
715 2120 776 2173 τοῦ
805 2115 993 2197 θυμοῦσθαι
1028 2124 1098 2186 τοῖς
1127 2106 1309 2186 τοιούτοις·
1351 2110 1411 2175 iam
1444 2109 1485 2186 dn*

452 2208 617 2299 πρόρρησις
638 2208 749 2275 τοιάδε
769 2238 818 2289 τις
839 2211 962 2301 ἄθυμος
982 2224 1052 2288 τοῖς
1074 2205 1158 2276 οὕτω
1176 2210 1235 2287 τὴν
1257 2208 1402 2297 derivetur
1422 2216 1481 2277 διε-

453 2313 646 2400 φθαρμένοις
665 2314 877 2380 offensionem
898 2314 1053 2402 praebuit.
1089 2314 1174 2383 Seite
1189 2310 1480 2391 Winekelmanriue

332 2498 333 2503 ἵ
384 2441 387 2448 ·
454 2418 594 2482 correxit
617 2416 823 2503 ἡττωμένους,
858 2419 968 2488 Antius
999 2425 1107 2483 autem
1135 2416 1237 2484 edidit
1259 2416 1338 2503 ἡμᾶς
1358 2414 1385 2481 δ’
1407 2415 1479 2481 ind.

452 2518 635 2607 Utrumque
655 2529 773 2603 tamen,
810 2530 847 2587 ut
869 2520 981 2587 Stallb.
999 2520 1134 2608 judicat,
1166 2518 1330 2585 audacius.
1375 2519 1477 2603 Quam

454 2631 562 2689 autem
591 2623 662 2708 ipse
688 2621 800 2700 Stallb.
823 2624 1045 2692 defensionem
1076 2622 1222 2689 lectionis
1256 2622 1393 2691 traditae
1424 2644 1479 2710 per

454 2724 547 2792 eodd.
571 2725 702 2812 profert,
741 2748 811 2793 eam
834 2728 893 2793 vix
923 2736 1007 2792 stare
1030 2747 1125 2814 posse
1147 2727 1337 2812 putaverim.
1394 2725 1483 2808 Dieit

455 2832 552 2911 enim,
577 2830 604 2894 si
623 2838 707 2916 reete
723 2852 797 2894 eum
815 2829 973 2915 intelligo,
993 2851 1052 2916 per
1066 2828 1149 2914 ἡμῶν
1171 2849 1350 2915 pronomen
1365 2838 1483 2894 utram·

456 2954 519 3020 que
539 2939 673 3020 partem,
696 2930 818 2997 stilles
834 2935 1070 3019 contemptores
1085 2930 1219 2996 deorum
1233 2940 1264 2998 et
1278 2930 1483 2998 interlocuto·

450 3058 505 3102 res
526 3036 616 3122 ipsos
634 3033 688 3100 hie
707 3034 948 3121 comprehendi.
991 3034 1035 3099 At
1054 3057 1113 3122 per
1138 3043 1240 3102 totum
1268 3035 1354 3102 hune
1374 3033 1483 3099 lenum

455 3137 498 3203 ab
507 3137 696 3204 Atheniensi
716 3159 814 3225 quarn
828 3138 968 3204 maxime
982 3137 1065 3220 illos,
1089 3137 1280 3224 quibuscum
1296 3137 1337 3202 de
1359 3158 1484 3204 summa

455 3241 633 3308 sententiae
649 3248 697 3306 est
710 3249 883 3323 certamen,
913 3239 954 3304 ab
977 3240 1080 3326 ipsius
1100 3241 1198 3306 sociis
1221 3240 1373 3325 distingui
1394 3259 1483 3324 repe

453 3344 565 3408 rimus.
611 3341 770 3408 Conferas
792 3341 900 3424 modo,
939 3364 1025 3428 quae
1048 3341 1157 3429 paullo
1178 3350 1252 3408 ante
1276 3341 1366 3424 dixit,
1389 3335 1483 3406 887ss

455 3443 607 3509 τούτων
628 3441 665 3519 δὴ
686 3441 829 3524 πάντων,
855 3436 924 3507 ὅσοι
947 3430 1253 3532 καταφρονιῖσαντες
1274 3443 1346 3508 οὐδὲ
1368 3441 1398 3517 ἐξ
1419 3439 1485 3517 ἐνὸς

456 3554 567 3614 ἱκανοῦ
588 3542 695 3630 λόγου,
727 3547 764 3622 οἱς
785 3557 882 3634 φαῖεν
901 3539 942 3611 dv
965 3539 1035 3610 ὅσοι
1057 3549 1111 3611 καὶ
1132 3544 1261 3633 σμικρὸν
1283 3556 1339 3612 νοῦ
1361 3543 1484 3620 κέκτην-

456 3677 523 3728 ται,
545 3659 605 3716 νῦν
626 3646 860 3734 ἀναγκάζωσιν
879 3651 972 3735 ἡμᾶς
993 3649 1091 3735 λε’ρειν
1109 3641 1132 3712 e'i
1149 3652 1276 3734 λέγομεν
1291 3653 1362 3712 κτλ.
1398 3646 1486 3728 Quid

453 3753 578 3820 multa?
630 3753 704 3820 Ηοο
724 3752 855 3841 quidem
876 3755 959 3837 loeo,
997 3775 1062 3842 quo
1084 3774 1170 3818 nunc
1191 3751 1307 3837 legitur
1328 3751 1409 3816 haee
1432 3763 1502 3815 vo-'

456 3857 530 3924 cula
550 3857 821 3943 importunissima
841 3864 875 3922 et
893 3855 1117 3923 molestissima
1138 3862 1199 3938 σοις
1223 3865 1319 3942 atque
1335 3853 1405 3941 jam
1416 3851 1486 3918 Ste-

452 3960 584 4048 phanus
607 3967 638 4024 et
659 3958 833 4024 Carnarius
857 3981 930 4024 eam
959 3957 1198 4024 damnaverant.
1255 3957 1299 4022 At
1322 3977 1394 4022 meo
1421 3955 1487 4042 qui·

457 4063 531 4129 dem
548 4060 671 4148 judicio
699 4070 836 4126 nonest
858 4059 1042 4126 damnanda
1072 4059 1130 4126 sed
1159 4068 1233 4147 post
1255 4057 1419 4146 πρόςρησις
1440 4078 1488 4122 re-

456 4161 619 4252 ponenda.
662 4163 821 4251 Namque,
855 4151 981 4230 etiamsi
1013 4161 1096 4229 bene
1128 4183 1187 4248 per
1220 4184 1254 4228 se
1282 4159 1488 4245 intelligatur,

453 4269 548 4354 eujus
571 4264 654 4331 haee
674 4262 748 4352 πρό
755 4291 875 4353 ςρησις
888 4267 920 4346 *)
948 4266 999 4349 sit,
1019 4274 1140 4338 ,tamen
1163 4262 1370 4352 oppositionis
1393 4282 1489 4326 eausa

459 4409 662 4422 ffl—

525 4491 549 4558 *)
584 4491 629 4543 Sia
655 4485 739 4559 enim,
774 4506 825 4543 non
855 4460 999 4568 σροςρήσις
1033 4489 1213 4554 scribendum,
1248 4481 1390 4568 πρόρρησις
1420 4483 1490 4539 enim
