3567 5500
819 710 981 838 Ι10

364 1003 368 1013 .
445 961 536 1043 μενοι)
556 958 618 1024 hoc
636 961 749 1031 vitium
770 961 934 1046 proprium
952 955 1053 1024 illius
1081 962 1292 1047 manuscripti
1321 983 1391 1028 esse
1420 962 1472 1028 de-

445 1069 610 1126 monstrat.
643 1100 685 1108 —
727 1063 828 1128 Porro
861 1062 1050 1147 λειπομένοις
1079 1085 1138 1149 pro
1159 1065 1329 1148 λεγομένοις
1349 1058 1421 1146 285,
1441 1062 1471 1144 9,

445 1165 497 1225 ἐπὶ
519 1186 578 1248 pro
603 1164 647 1238 εἴη
667 1159 741 1244 271,
780 1160 811 1230 5.
844 1163 881 1239 δὴ
903 1187 961 1250 pro
991 1167 1038 1228 δεῖ
1063 1159 1209 1247 301,11.
1240 1166 1279 1229 ef.
1302 1159 1375 1246 327,
1402 1162 1473 1232 liet

444 1259 591 1348 405,Ῑο
635 1267 807 1344 καθέζηται
828 1289 886 1353 pro
910 1267 1087 1343 καθίζηται.
1110 1261 1183 1349 361,
1200 1263 1229 1336 8.
1242 1268 1378 1347 ἧσύχεον
1412 1291 1471 1355 pro

445 1369 601 1448 ἡσυχαῖον
629 1365 703 1452 458,
724 1364 755 1451 5,
777 1383 854 1456 φησι
885 1391 943 1455 pro
966 1383 1049 1453 φασι
1070 1364 1143 1452 289,
1171 1366 1221 1435 13.
1244 1369 1393 1434 πιστικόν
1413 1395 1472 1458 pro

445 1471 607 1536 πειστικὸν
629 1468 702 1555 368,
724 1467 745 1538 8
767 1480 799 1536 et
817 1468 847 1539 9,
866 1471 980 1555 λέγοιτ’
1005 1481 1035 1536 et
1055 1471 1182 1555 γίγνοιτ’
1205 1495 1263 1558 pro
1286 1471 1418 1557 λέγοιντ’
1442 1484 1473 1540 et

381 1612 390 1627 κ
420 1646 425 1656 ¹
444 1575 592 1658 γίγνοιντ’
613 1577 646 1640 ll
667 1568 719 1655 83,
743 1573 762 1640 1
784 1582 814 1637 et
827 1570 866 1638 11
891 1573 1036 1639 similiter
1058 1570 1244 1660 ἀνθρώπων
1267 1598 1326 1662 pro
1351 1576 1471 1662 ἀνθρώ-

445 1675 539 1741 πινόν
560 1673 633 1760 274,
649 1673 708 1744 ’13.
733 1674 833 1740 Plura
854 1678 881 1740 si
902 1677 954 1740 cui
970 1699 1157 1762 comparare
1177 1677 1265 1742 cordi
1287 1689 1344 1761 est,
1368 1701 1473 1744 exem*

445 1780 502 1867 pla
524 1782 558 1845 in
577 1779 740 1868 prioribus
772 1780 913 1843 maxime
927 1778 1029 1843 'libris
1062 1780 1204 1844 inveniet
1235 1775 1309 1864 239,
1341 1779 1371 1847 4.
1398 1777 1472 1864 365,

445 1879 502 1948 14.Ι
530 1878 603 1965 367,
625 1878 676 1948 18.
699 1877 772 1963 376,
794 1877 846 1947 21.
869 1876 943 1963 384,
975 1881 1024 1948 19.
1052 1876 1126 1962 386,
1148 1875 1199 1946 21.
1230 1879 1302 1967 401,
1326 1879 1376 1950 13.
1400 1879 1473 1967 403,

446 1980 497 2051 18.
521 1981 595 2069 405,
620 1982 650 2050 7.
672 1979 745 2066 443,
770 1978 820 2049 12.
843 1979 916 2065 464,
936 1981 954 2048 7
977 1982 1022 2061 (Il
1043 1978 1117 2066 232,
1130 1978 1183 2050 20.
1207 1979 1280 2068 202,
1300 1981 1343 2068 6).
1380 1985 1471 2051 Oete·

445 2109 516 2152 rum
541 2087 806 2153 consuetudinem
834 2085 921 2151 hunc
950 2084 1094 2150 codicem
1121 2107 1191 2150 eam
1223 2090 1315 2174 sequi
1340 2097 1474 2154 testatur

445 2188 617 2254 Bekkerus
639 2189 680 2254 ad
701 2183 775 2270 231,
798 2185 830 2269 3,
861 2196 898 2250 ut
932 2186 1051 2252 scribat
1084 2211 1210 2274 semper
1233 2190 1376 2277 ὠφελίας,
1409 2213 1474 2256 non

447 2278 607 2377 ω’φὲλείας.
651 2292 732 2355 Item
765 2314 829 2355 non
849 2289 898 2352 ἀεὶ
922 2289 1062 2353 sedetet
1087 2290 1233 2370 (Bekker
1247 2293 1288 2358 ad
1312 2287 1386 2376 425,
1410 2289 1472 2374 18).

445 2396 611 2459 Postremo
635 2395 668 2458 in
698 2392 841 2457 secunda
869 2414 1009 2477 persona
1029 2395 1208 2478 praesentis
1229 2395 1351 2481 passivi
1378 2395 1475 2461 habet

446 2522 480 2571 ει,
505 2495 563 2562 sed
590 2495 782 2583 plerumque
810 2497 1025 2581 superscripto
1047 2516 1078 2576 η,
1101 2495 1141 2558 cf.
1170 2495 1305 2562 Bekker
1328 2497 1370 2562 ad
1399 2492 1473 2580 236,

445 2597 487 2666 17
510 2607 541 2664 et
553 2594 628 2681 318,
652 2593 704 2665 20.
774 2639 784 2654 «
870 2656 873 2659 .

386 2731 390 2741 ·
531 2703 665 2769 Rectum
692 2701 833 2787 denique
861 2708 969 2765 tuetur
991 2703 1021 2761 u
1044 2710 1155 2765 contra
1183 2723 1312 2767 omues
1332 2701 1474 2790 reliquos

447 2814 490 2888 (et
502 2805 678 2870 secundam
693 2826 825 2868 manum
836 2804 952 2889 ipsius)
974 2797 1048 2884 408,
1070 2796 1225 2886 taath),
1248 2805 1304 2869 ubi
1325 2803 1400 2868 τόδε
1416 2829 1474 2892 pro

447 2919 626 2973 ceterorum
648 2905 743 2969 τόνδε
765 2904 862 2968 habet
883 2904 922 2968 cf.
944 2903 977 2967 ΙΙ
1001 2898 1074 2985 331,
1100 2900 1262 2999 961601),
1286 2929 1383 2993 quam
1403 2930 1475 2993 par-

445 3010 558 3077 vulam
580 3008 835 3075 emendationem
869 3007 994 3070 etiamsi
1025 3006 1098 3092 quis
1118 3008 1327 3092 probabilius
1354 3009 1475 3075 librarii

447 3112 684 3197 intelligentiae
707 3132 805 3197 quam
832 3110 956 3174 codicis
978 3110 1088 3173 virtuti
1111 3109 1326 3197 adscripserit,
1356 3120 1475 3193 tamen,

445 3226 617 3303 postquam
639 3213 727 3279 illius
750 3212 870 3278 codicis
893 3213 1121 3298 praestantiam
1136 3210 1284 3297 pluribus
1301 3212 1477 3278 illustrave

446 3318 563 3399 rimus,
595 3316 731 3381 forsitan
765 3313 857 3379 aliter
879 3314 1082 3400 judicaturus
1113 3315 1163 3378 sit.
1209 3313 1275 3380 Sed
1298 3314 1338 3379 de
1360 3315 1419 3380 hac
1441 3338 1482 3381 re,

470 3428 568 3485 ostea.

446 3443 468 3508 p
531 3520 647 3587 Codex
662 3520 894 3600 Vossianus,
918 3540 1015 3604 quern
1032 3517 1277 3584 Stallbaumium
1292 3528 1420 3585 secutus
1440 3519 1476 3584 li-

446 3634 515 3689 tera
536 3648 560 3687 x
579 3622 743 3707 significo,
766 3631 922 3707 quantum
943 3644 985 3685 ex
1006 3599 1193 3685 Rulrnkenii
1216 3624 1377 3709 excerptis
1392 3622 1477 3709 judi-

447 3748 522 3791 care
540 3725 626 3808 licet,
647 3746 747 3812 quum
770 3725 965 3811 optimarum
983 3722 1158 3787 lectionum
1182 3723 1310 3790 videtur
1330 3724 1478 3811 plenissi-

446 3850 527 3910 mus,
552 3838 630 3910 turn,
653 3827 740 3914 quod
755 3828 871 3893 summi
895 3827 1048 3890 momenti
1071 3835 1127 3907 est,
1151 3825 1255 3891 codici
1275 3827 1423 3893 Parisino
1445 3828 1476 3893 A
1537 3867 1539 3871 ·

446 3929 682 3994 necessitudine
697 3930 883 4015 proximum
899 3927 932 3991 id
947 3927 1034 4014 quod
1049 3948 1090 3990 ex
1106 3948 1222 4011 magna
1236 3927 1379 3993 locorum
1396 3931 1477 3995 mul·

445 4030 581 4095 titudine
604 4040 747 4116 apparet,
767 4031 833 4111 ubi,
856 4052 955 4116 quum
968 4028 1106 4093 Parisini
1131 4028 1227 4094 lectio
1244 4030 1343 4096 distat
1360 4054 1379 4096 a
1398 4042 1477 4098 cete·

445 4154 563 4213 rorum,
586 4140 771 4198 constanter
785 4131 861 4195 facit
876 4154 950 4199 eum
967 4132 1123 4219 Parisino,
1146 4131 1213 4196 iere
1228 4155 1389 4219 nusquam
1404 4157 1477 4200 cum

446 4237 571 4300 ceteris.
605 4236 649 4299 At
662 4244 734 4300 sunt
749 4245 856 4299 tamen
872 4235 1080 4315 differentiae,
1105 4256 1189 4320 quae
1205 4235 1367 4321 duplicem
1381 4236 1478 4302 habe·

445 4338 527 4404 bunt
537 4336 714 4419 utilitatem,
728 4338 754 4401 si
766 4335 1080 4423 perlustraverimus,
1091 4337 1230 4422 primum
1243 4345 1288 4419 ut,
1301 4338 1381 4424 quid
1393 4341 1426 4403 in
1440 4362 1478 4405 co

445 4451 613 4528 peccatum
629 4442 671 4505 sit
689 4450 721 4505 et
736 4439 833 4527 quale
848 4442 898 4521 sit,
921 4439 1151 4524 intelligamus,
1168 4438 1241 4502 dein
1256 4447 1301 4521 ut,
1319 4462 1478 4526 quaenam

445 4545 504 4614 illa
525 4568 598 4613 cum
610 4544 755 4613 Parisino
780 4545 820 4613 sit
833 4544 1047 4631 necessitudo,
1071 4542 1287 4633 exploremus.
1333 4542 1478 4616 Primum
