3567 5500
704 867 715 889 e
784 768 828 840 35
964 869 977 883 ⁸

292 965 345 1024 καὶ
365 959 526 1046 βουλήσεις
544 961 587 1025 Π.
600 956 674 1044 200,
690 956 741 1027 22.
758 955 878 1054 (8960).
920 961 995 1024 Non
1016 959 1106 1026 deest
1127 961 1200 1043 (nisi
1222 962 1319 1049 plane

292 1086 445 1150 perversa
466 1073 514 1128 est
534 1065 676 1129 Bekkeri
697 1074 729 1128 et
748 1062 862 1128 Stallb.
886 1064 1056 1135 enarratio)
1080 1065 1113 1126 in
1134 1067 1245 1130 ceteris
1269 1087 1319 1129 co-

292 1165 430 1248 dicibus,
464 1166 591 1231 illomm
614 1175 720 1231 autem
743 1188 841 1252 quam
862 1167 1004 1230 maxime
1028 1165 1161 1251 adjuvat
1181 1162 1328 1232 testimo
1364 1223 1368 1228 ,

292 1270 383 1333 nium
400 1267 569 1350 Eusebius
593 1269 656 1354 qui,
679 1291 779 1354 quum
798 1267 848 1332 bis
869 1269 904 1330 in
927 1290 1037 1358 praep,
1059 1290 1172 1352 evang.
1194 1265 1317 1356 ettsq.

292 1380 324 1435 et
344 1366 405 1436 601
414 1370 444 1435 d.
466 1369 572 1435 locum
586 1367 731 1444 Platonis
754 1370 874 1451 afferat,
898 1369 947 1433 bis
970 1369 1061 1434 addit
1079 1372 1133 1432 καὶ
1152 1367 1348 1453 βουλήσεις·
1381 1377 1383 1382 ’
1445 1465 1452 1473 ,

377 1471 468 1536 Idem
496 1471 597 1537 verba
624 1474 842 1556 ἐπιμελεῖσθαι
869 1473 923 1532 καὶ
952 1469 1132 1556 δυνάμενον,
1171 1495 1252 1559 quae
1275 1473 1317 1537 H.

291 1569 364 1656 214,
388 1569 432 1639 20
452 1568 559 1655 (903a)
582 1574 616 1636 in
638 1579 666 1636 A
690 1584 721 1637 et
739 1578 769 1635 Ω
790 1572 902 1637 dee'sse
929 1573 1072 1641 uidimus
1096 1575 1137 1655 ³⁸),
1178 1576 1335 1641 servavit
1411 1613 1413 1624 ν

292 1675 344 1740 vel
369 1676 578 1761 etiamplura
599 1677 631 1738 in
654 1676 799 1740 ordinem
829 1658 962 1760 recepit:
1003 1675 1194 1762 βουλόμενον
1217 1681 1318 1762 ἐπιμε-

291 1782 431 1859 λοῖσθονχ
450 1777 593 1846 Briva-uos
621 1778 775 1839 εἶναικαὶ
808 1775 979 1861 δυνάμενον
1002 1784 1062 1863 (pr.
1084 1800 1201 1863 evang.
1224 1775 1336 1862 633),-

292 1882 432 1967 itemque
449 1888 584 1945 testatur
603 1878 834 1960 Theodorctus,
858 1881 914 1964 qui
929 1881 1079 1968 (Therap.
1094 1877 1144 1958 93,
1159 1876 1224 1958 26.)
1245 1903 1318 1945 eum

292 1983 400 2048 locum
427 1985 473 2047 sie
503 1981 648 2046 exhibet:
683 1984 899 2063 ἐπιμελεῖσθαι
921 1980 1064 2046 δύνατον
1086 1984 1166 2046 εἶναι
1189 1985 1243 2044 καὶ
1265 1985 1318 2044 δο-

292 2082 426 2170 νοίμενον
447 2085 501 2169 μὲν
523 2094 600 2170 ρᾷον
624 2087 857 2168 ἐπιμεληθῆναι·
886 2095 1021 2169 σμικρῶν
1043 2087 1076 2146 δὲ
1099 2081 1202 2148 ὄντων
1221 2086 1317 2168 μηδα-

292 2198 332 2272 μῇ
352 2191 569 2272 ἐπιμελεῖσθαι
589 2182 731 2248 δύνατον
753 2186 833 2248 εἶναι
854 2185 1003 2270 καθάπερ
1026 2182 1135 2274 ἄργον,
1166 2187 1252 2251 unde
1274 2187 1318 2250 fa·

293 2289 354 2354 cile
368 2291 553 2376 perspicias,
575 2286 716 2380 ddvasov
730 2289 808 2351 εἶναι
830 2287 992 2372 glossema
1011 2289 1110 2354 fuisse
1123 2291 1158 2374 in
1172 2290 1318 2374 margine

292 2391 467 2479 aliquando
495 2391 701 2477 adscriptum,
741 2390 827 2478 quod
857 2391 981 2484 scribae
1011 2391 1139 2456 illorum
1163 2392 1317 2473 codicum,

294 2494 410 2582 quibus
427 2493 586 2560 Eusebius
610 2501 642 2557 et
662 2492 885 2560 Theodoretus
911 2493 1090 2576 utebantur,
1129 2494 1181 2559 vel
1208 2494 1257 2558 bis
1285 2496 1319 2559 in

293 2597 443 2662 ordinem.
457 2604 657 2682 receperunt.
700 2594 800 2681 eujus
821 2595 1046 2678 adnotationis,
1083 2597 1110 2660 si
1134 2595 1174 2660 de
1196 2598 1319 2680 origine

294 2697 416 2785 aliquid
435 2699 596 2786 conjicere
618 2697 706 2780 libet,
734 2707 855 2763 statuas
872 2719 1002 2785 quaeso,
1025 2720 1116 2762 snam
1131 2697 1241 2763 sedem
1263 2696 1318 2763 ha-

294 2799 404 2865 buisse
423 2812 495 2888 post
515 2812 582 2865 τῶν
602 2801 646 2862 ‹ll›
658 2797 807 2884 μογοίλων,
845 2786 999 2887 οοοοιοῐ
1019 2822 1106 2865 nunc
1126 2800 1243 2893 legitur
1264 2800 1318 2865 ab·

294 2912 421 2988 ruptam
452 2914 486 2968 et
505 2903 738 2969 claudicantem
761 2924 831 2966 esse
860 2902 1046 2985 clausulam,
1083 2925 1178 2967 nemo
1202 2904 1318 2968 infitias

292 2995 369 3087 ibis
395 3007 447 3071 sin
469 3016 576 3071 autem
596 3001 740 3068 δύνατον
757 3004 838 3067 εἶναι
857 3004 1024 3090 adjeceris,
1049 3006 1167 3091 optime
1188 3028 1319 3091 respon-

292 3107 415 3173 debunt
433 3108 637 3193 praecedenti
659 3104 703 3169 niv
724 3107 779 3191 μὲν
800 3117 893 3191 ρᾴον
915 3103 953 3181 ’ἦν
978 3110 1199 3191 ἐπιμεληθῆναι
1219 3111 1316 3193 μηδα·
1364 3134 1366 3139 ·

294 3220 334 3293 μῇ
357 3214 582 3294 ἐπιμελεῖσθαι.
639 3208 719 3275 Sed.
736 3208 816 3273 haec
850 3208 952 3273 obiter
978 3217 1112 3291 tantum,
1152 3213 1318 3287 occasione

295 3310 391 3395 data„
411 3313 510 3397 tetigi.
1093 3302 1098 3317 ·’

379 3414 471 3481 Haec
493 3415 590 3499 igitur
611 3415 734 3481 altioris
754 3414 884 3479 illorum
913 3413 1206 3500 supplementorum
1226 3416 1317 3501 origi·

291 3519 341 3583 nis
360 3528 435 3583 sunt
457 3517 658 3584 documenta.
703 3517 795 3597 Quae
815 3518 842 3581 si
864 3518 898 3579 in
922 3516 1129 3581 deterioribus
1153 3516 1317 3583 codicibus

291 3642 351 3705 per
370 3620 499 3685 saecula
531 3630 657 3687 servata
679 3631 711 3686 et
739 3619 870 3685 condita
899 3627 983 3701 sunt,
1020 3618 1090 3683 fieri
1109 3642 1174 3683 non
1202 3628 1316 3705 potest,

291 3724 372 3808 quin
399 3724 544 3789 indidem
565 3746 630 3787 non
656 3723 825 3788 mediocris
847 3724 1020 3806 auctoritas
1044 3730 1076 3785 et
1102 3720 1184 3786 fides
1206 3724 1240 3785 in
1262 3722 1317 3786 illa

290 3826 507 3912 manuscripta
528 3824 710 3890 redundare
731 3824 886 3890 videatur.
944 3822 1017 3903 Qua
1039 3826 1145 3909 specie
1165 3846 1206 3889 ne
1227 3824 1316 3888 falla·

289 3942 371 4009 mur,
393 3948 432 3993 eo
452 3928 557 3992 acrius
577 3926 838 4014 prospiciendum
858 3924 930 4008 erit,
953 3948 1017 4011 quo
1039 3928 1167 4013 saepius
1185 3928 1254 4015 jam
1276 3946 1320 3993 ex·
1375 4010 1382 4025 ·

289 4100 329 4109 .-
335 4103 486 4111 -..m-...m-

342 4215 367 4284 *)
402 4223 494 4271 contra
512 4203 696 4297 κροςηκούσης
712 4235 766 4270 non
786 4218 865 4271 habet
882 4220 1038 4285 11.216‚13.
1060 4220 1123 4271 Mox
1142 4217 1191 4273 ἵνα
1207 4213 1243 4273 τὸ
1260 4220 1318 4295 πρέ-

286 4320 340 4357 πον
359 4298 478 4358 ἕκαστον
499 4310 548 4370 τῆς
567 4304 668 4381 μοίρας
690 4300 821 4377 luminu
843 4306 1121 4371 11.2rs‚15.(9030)
1148 4308 1247 4377 omittit
1271 4302 1318 4359 lto'·

285 4406 339 4459 γον
356 4396 385 4442 ut
405 4389 431 4443 A
449 4396 475 4443 et
493 4390 524 4445 Ω.
568 4393 657 4458 Atque
676 4394 767 4442 nescio
793 4407 826 4441 an
851 4391 969 4441 omnium
992 4391 1112 4443 codicum
1133 4393 1224 4458 lectio,
1251 4407 1317 4457 quas
1355 4394 1358 4399 ’
1445 4404 1447 4409 ·

285 4482 328 4529 est
348 4474 478 4552 ρασταὸνη
496 4496 517 4542 ς,
539 4478 631 4529 eodem
648 4477 767 4528 deducat.
808 4476 962 4543 Lugendum
980 4492 1037 4529 esse
1056 4478 1235 4547 proposuerim
1253 4467 1317 4555 ᾗπερ

285 4555 326 4617 ἂν
345 4560 407 4632 ἔχοι
426 4558 569 4634 seorsim
589 4558 608 4631 ἢ
625 4560 758 4633 ἐπιμέλεια
775 4560 851 4627 θεοῖς
867 4566 925 4617 τῶν
942 4560 1062 4617 πάντων.

1073 4652 1217 4719 sr‘
