3567 5500
810 800 852 870 19

313 988 457 1056 Additur
476 990 519 1054 Π.
533 985 608 1073 261,
617 986 658 1056 16
671 984 747 1071 (929
754 991 804 1071 Β.)
820 1016 854 1052 τι
866 993 902 1054 in
915 987 966 1052 ὅτι
980 988 1088 1078 πατὴρ
1101 991 1159 1072 (sic
1173 991 1343 1080 enimlegi

399 1101 531 1158 narrant
543 1093 573 1157 B
586 1100 618 1158 et
629 1093 669 1173 F)
692 1115 734 1158 ex
746 1091 965 1158 simulitudine
985 1091 1146 1159 literarum
1161 1121 1195 1158 τι
1208 1103 1240 1160 et
1253 1119 1279 1158 π
1301 1094 1341 1158 cf.

375 1234 378 1238 -
400 1218 498 1282 supra
518 1219 549 1282 p.
564 1191 615 1261 18.
639 1206 706 1272 πῶς
721 1189 761 1260 ἂν
783 1197 915 1261 etBast.
940 1219 1054 1262 comm.
1069 1195 1132 1284 pal.
1157 1219 1189 1284 p.
1198 1191 1262 1264 730
1273 1219 1343 1284 sqq.

401 1297 444 1362 Π.
467 1291 609 1380 293,13.
631 1293 748 1379 (948Α)
771 1299 826 1384 μὲν
850 1301 936 1364 inter
959 1297 999 1362 τὸ
1023 1291 1055 1364 et
1076 1299 1233 1386 πέμπτον.

314 1400 490 1465 Decurtata
501 1410 573 1465 sunt
593 1401 635 1465 H.
658 1397 1106 1488 218,15(90411)με911ρυσα
1124 1425 1184 1490 pro
1202 1397 1343 1488 pebrdpri·

401 1529 490 1566 σασα
507 1504 538 1586 *·)
561 1503 616 1568 vel
639 1504 865 1589 μεθιδρύσατο.
1393 1528 1395 1533 ’

400 1606 443 1670 Π.
467 1601 518 1689 80,
541 1602 561 1672 6
584 1601 702 1687 (83111)
723 1603 828 1690 dolosa
850 1629 910 1693 pro
935 1606 1089 1690 βάσανον.

401 1708 492 1774 Haec
515 1711 692 1795 praecipua
713 1709 802 1773 illius
823 1709 944 1773 codicis
970 1718 1045 1774 sunt
1066 1710 1192 1774 menda.
1226 1708 1345 1796 Super·

303 1822 391 1877 'sunt
419 1812 580 1899 quaedam
603 1812 678 1895 alia,
717 1833 801 1899 quae
823 1812 891 1876 fere
921 1813 956 1874 in
985 1811 1251 1876 consuetudinem
1272 1813 1344 1902 'ejus

315 1913 435 1978 abiisse
456 1914 617 1996 videntur,
653 1911 742 1977 velut
763 1914 850 2000 quod
872 1912 1013 1998 ἁμηγέπη
1035 1915 1105 1977 sine
1128 1915 1200 2001 jota
1222 1911 1343 1978 subscr.
1428 1908 1432 1912 ’

315 2016 415 2081 habet
437 2017 476 2080 cf.
490 2015 623 2080 Bekker
640 2016 682 2079 ad
699 2011 772 2098 390,
784 2012 833 2093 4.;
862 2014 950 2102 quod
968 2014 1080 2079 scribit
1100 2011 1343 2099 ἐμπιμπλάναι

315 2119 356 2183 cf.
376 2115 450 2202 269,
471 2115 522 2184 14.
552 2112 626 2198 333,
639 2113 670 2184 5.
699 2112 841 2200 37215.
869 2117 912 2181 Π.
933 2111 986 2198 52,
1002 2113 1054 2182 21.
1082 2117 1125 2181 II.
1148 2111 1344 2199 22818*-

313 2247 345 2302 ν,
382 2221 469 2308 quod
504 2221 615 2285 dicunt
648 2217 882 2307 ε’φελκυοτικόν,
920 2221 1107 2304 saepissime
1133 2220 1176 2294 ¹in
1197 2219 1346 2284 Parisino

316 2326 432 2405 (rarius
453 2326 488 2386 in
509 2321 669 2388 Vaticano
693 2327 736 2402 Ω)
760 2322 834 2386 a'nte
861 2343 1019 2402 consonas
1043 2322 1191 2405 inveniri,
1226 2320 1345 2386 tabulis

316 2426 525 2513 amplissimis
545 2423 686 2490 ostendit
701 2423 814 2489 Stallb.
830 2425 864 2488 in
882 2425 1059 2490 novissima
1076 2421 1217 2490 editione
1231 2423 1343 2511 (praef.

217 2584 220 2589 ,
316 2528 342 2592 Ι.
364 2551 396 2616 p.
416 2523 480 2609 21).

624 2846 650 2908 z.
694 2845 735 2907 Dc
759 2842 886 2906 ecdicum
909 2842 1035 2905 lsnllils.

403 3043 611 3129 Singulorum
633 3043 782 3128 codicum
808 3041 955 3105 habitum
977 3062 1050 3105 cum
1075 3048 1252 3106 ceterorum
1275 3048 1344 3104 tum

319 3142 457 3209 Parisini
481 3156 513 3209 et
533 3146 685 3211 Vossiani
709 3145 947 3229 descripsimus,
984 3145 1019 3206 in
1042 3162 1106 3229 quo
1134 3142 1262 3227 negotio
1285 3143 1343 3205 im·

320 3248 432 3332 primis
443 3247 560 3311 menda
572 3248 663 3313 nobis
675 3246 893 3321 enumeranda
905 3254 1006 3327 erant,
1021 3252 1066 3327 ut,
1088 3253 1206 3331 quanta
1220 3244 1255 3307 in
1266 3265 1344 3309 uno-

321 3336 452 3435 quoque
462 3359 545 3415 esset
557 3348 647 3433 fides,
668 3353 899 3431 aestimaretur,
921 3346 1024 3431 simul,
1048 3368 1130 3435 quae
1143 3346 1264 3433 ubique
1278 3366 1344 3411 cor·

386 3623 410 3691 *)
429 3625 498 3693 apud
512 3625 655 3677 Eusebium
665 3626 764 3694 (praep.
774 3640 867 3691 evang.
877 3624 938 3691 635)
952 3638 1005 3673 non
1023 3622 1122 3689 legitur
1136 3614 1343 3695 μεθιδρύσασα

316 3711 362 3764 sed
373 3702 572 3785 μεθιδρύσατο,
591 3726 658 3776 quae
679 3711 759 3762 lectio
769 3714 858 3761 nescio
873 3727 906 3760 an
916 3713 1039 3777 praestet.
1067 3710 1157 3773 Neque
1167 3708 1237 3757 enim
1254 3707 1282 3755 in
1299 3721 1343 3756 ao-

313 3798 387 3849 ristis
411 3792 539 3865 μετέβαλε
567 3803 592 3846 et
610 3790 798 3873 μεθιδρύσατο
817 3796 960 3863 quidquam
978 3793 1129 3844 offensionis
1149 3792 1225 3856 inest,
1254 3806 1343 3856 quam·

314 3900 394 3950 quam
422 3881 579 3933 antecedunt
611 3884 761 3950 praesentia
787 3876 1031 3955 (μεταπορεύεται,
1068 3878 1189 3954 φέρεται)
1216 3876 1249 3927 cf.
1276 3875 1345 3927 Tim.

312 3973 344 4021 81
358 3968 384 4020 d.
412 3968 481 4018 831).
507 3969 572 4018 850.
598 3970 671 4021 Prot.
689 3972 739 4019 342
750 3985 772 4019 c.
791 3966 849 4033 (ubi
867 3968 936 4019 conf.
946 3966 1060 4033 Sauppe)
1078 3980 1146 4032 resp.
1165 3962 1242 4014 seed
1260 3963 1343 4016 etot.

311 4058 365 4107 566
374 4071 397 4105 θ.
433 4054 513 4105 Polie.
531 4056 615 4105 2690.
652 4055 730 4120 Soph.
749 4056 799 4107 262
808 4070 829 4106 θ.
865 4053 977 4105 Phaedr.
995 4055 1079 4105 24911.
1103 4050 1188 4105 2517).
1210 4050 1261 4101 254
1269 4049 1345 4103 b-e.

310 4142 391 4210 (conf.
405 4139 502 4194 Heind.
522 4140 555 4191 ad
573 4139 599 4191 h.
608 4140 645 4207 1).
665 4140 729 4192 ibid.
748 4139 831 4191 seed.
852 4133 939 4217 (ἄρδει
952 4155 982 4191 τε
1003 4138 1051 4191 καὶ
1075 4127 1198 4211 ὅρμησε).
1236 4137 1345 4187 Theaet.

311 4233 362 4283 156
373 4229 398 4279 d.
417 4227 490 4293 legg.
518 4226 602 4276 854d.
628 4228 679 4276 904
689 4226 713 4276 d.
746 4229 796 4276 945
807 4225 832 4276 d.
857 4228 907 4277 709
918 4241 941 4275 a.
961 4227 1011 4275 715
1022 4239 1045 4274 a.
1070 4224 1120 4273 716
1132 4239 1154 4273 e.
1179 4221 1261 4274 72011.
1279 4227 1305 4273 et
1322 4237 1345 4273 θ.

309 4320 391 4369 tela.
403 4341 437 4352 -
456 4312 518 4363 Jam
532 4329 596 4363 vcro
614 4313 759 4363 sentcntiae
774 4328 842 4363 unus
856 4311 1016 4362 conveniens
1030 4314 1071 4360 est
1085 4308 1251 4359 indicativus.
1277 4308 1345 4359 Nam

306 4399 469 4473 principalis
487 4398 591 4465 periodi
609 4399 766 4461 enuntiatio,
795 4402 826 4449 ut
848 4399 921 4464 prius
945 4402 1005 4463 apte
1024 4394 1154 4447 subsumit
1173 4394 1345 4461 participium

307 4480 533 4559 (μετακομισθεὶς
550 4486 620 4551 etc),
640 4486 679 4534 ita
695 4484 826 4551 posterius
842 4484 916 4534 nullo
932 4488 1009 4548 pacto
1026 4482 1079 4535 sibi
1096 4480 1222 4547 subjungi
1237 4480 1345 4549 petitur,

308 4577 409 4644 quippe
429 4572 510 4640 plane
527 4572 663 4623 contraris
680 4571 826 4623 continens.

1139 4668 1176 4722 ξ*
