3567 5500
804 766 847 839 59

311 961 345 1026 vi
366 959 496 1026 relativi
525 958 613 1046 apud
631 957 881 1045 Oonjunctivum
910 933 1069 1045 non*jam
1099 958 1234 1041 cogitari
1257 958 1339 1021 sine·
1384 951 1386 955 ’
1442 998 1448 1006 -

311 1070 370 1145 ret,
405 1061 462 1127 sed
486 1083 561 1127 cum
587 1061 794 1147 conjunctivo
824 1071 855 1125 et
887 1061 956 1127 sine
986 1056 1026 1123 ἄν
1048 1059 1131 1125 illud
1163 1079 1341 1145 pronomen
1403 1144 1405 1147 .

314 1173 436 1230 certam
455 1162 599 1250 aliquam
621 1184 690 1227 rem
713 1171 859 1249 spectare
882 1162 1123 1227 demonstraret.

399 1264 476 1347 Sed,
505 1268 532 1330 si
550 1273 654 1330 totum
677 1253 805 1331 relativi
826 1286 921 1329 usum
942 1263 1171 1350 amplectimur,
1209 1260 1340 1349 quidni

313 1369 412 1433 etiam
426 1367 549 1433 addita
580 1366 742 1453 particula
768 1361 809 1427 ἄν
832 1368 866 1429 in
897 1366 1088 1452 pronomine
1109 1386 1180 1429 eam
1206 1364 1274 1428 vim
1294 1366 1341 1427 in-

314 1492 385 1551 esse
409 1460 596 1571 statuamus,
635 1491 700 1555 qua
724 1476 810 1533 certa
838 1478 870 1532 et
892 1467 1025 1532 definita
1047 1468 1206 1553 respiciat,
1243 1474 1341 1552 atque
1374 1456 1377 1469 ⁴

310 1582 383 1637 'tum
405 1592 533 1659 quoque
553 1570 747 1657 particulam
769 1571 882 1635 sinon
902 1569 1088 1662 Epicurum,
1118 1576 1152 1632 at
1173 1568 1274 1633 bonos
1296 1576 1340 1631 at-

313 1676 393 1740 ticos
416 1675 586 1760 scriptores
610 1671 768 1759 subjicere
790 1672 925 1737 relativo
950 1670 1059 1737 solitos
1084 1692 1163 1735 esse.

401 1774 467 1840 Sed
487 1784 524 1840 ut
543 1774 722 1840 distinctius
744 1773 915 1850 declarem,
938 1774 1015 1861 quid
1032 1772 1139 1854 velim,
1162 1770 1269 1858 paullo
1291 1763 1354 1835 fu?

314 1881 382 1944 sius
406 1876 447 1941 de
468 1880 503 1941 vi
523 1876 665 1962 relativi,
695 1899 792 1963 quam
814 1876 926 1941 dicunt
946 1859 1156 1957 indefinitam,
1180 1894 1340 1959 exponere
1368 1859 1374 1865 ¹

314 2004 397 2068 opus
420 1990 477 2045 est
519 1980 583 2045 Per
604 2001 638 2044 se
657 1981 744 2045 enim
762 1978 936 2044 relativum
958 2001 1025 2043 non
1042 1979 1148 2063 magis
1171 1996 1269 2062 quam
1287 1973 1339 2038 do·-

316 2082 563 2149 monstrativum
586 2080 786 2146 indefinitam
808 2091 955 2146 naturam
978 2078 1085 2144 habet.
1136 2078 1226 2143 ‘Nam
1257 2078 1340 2141 sicut

315 2184 606 2250 demonstrativum
637 2182 679 2247 ad
716 2182 840 2270 aliquid
877 2191 1048 2264 monstrat,
1092 2182 1136 2245 ita
1169 2166 1348 2245 relativum

314 2309 446 2375 semper
466 2309 534 2351 rem
556 2284 699 2372 aliquam
728 2286 835 2368 habet,
872 2285 1037 2372 adquam
1065 2282 1209 2349 refertur¹
1267 2280 1339 2359 Quo

316 2392 403 2455 enim
427 2398 523 2475 pacto
544 2410 724 2475 pronomen
745 2388 917 2477 relativum
936 2395 1057 2471 esseet
1088 2384 1248 2473 appellari
1269 2404 1340 2470 pos·

292 2502 371 2575 ¹set,
395 2493 459 2556 nisi
480 2491 523 2555 ad
546 2490 697 2577 aliquid
717 2488 958 2557 referretur?

399 2593 525 2674 Quodsi
547 2592 670 2673 dicunt,
695 2614 792 2680 saepe
813 2593 847 2657 id
869 2591 1066 2659 vocabulum
1088 2591 1274 2673 desiderari,
1297 2590 1352 2669 ad

260 2740 264 2743 ·
313 2696 400 2785 quod
427 2686 606 2783 pronomen
629 2694 800 2761 relativum
829 2697 999 2782 pertineat,
1035 2715 1130 2760 nemo
1153 2715 1220 2758 non
1240 2692 1344 2776 videt,

313 2799 508 2865 vocabulum
537 2797 670 2884 quidem
693 2819 789 2884 saepe
813 2798 935 2880 deesse,
971 2783 1040 2863 rem
1061 2819 1138 2863 vero
1161 2818 1338 2884 nunquam,

314 2903 436 2989 quippe
471 2922 570 2987 quam
603 2898 693 2964 facili
727 2921 836 2987 opera,
883 2900 941 2965 ubi
974 2900 1099 2984 debeat,
1146 2901 1339 2986 cogitatione

287 3018 291 3022 ’
311 3003 532 3091 suppleamus.
577 3000 669 3081 Quae
688 3003 716 3065 ei
738 3003 783 3068 ita
803 3002 931 3083 habent,
957 3025 1041 3090 quae
1059 3003 1191 3069 tandem
1210 3005 1271 3067 ista
1288 3003 1338 3066 vis

311 3105 479 3170 indefinita
501 3107 733 3188 (nabertimmtc,
770 3106 1077 3191 ruodpemeinernde)
1102 3111 1150 3171 e'st
1176 3106 1338 3192 pronomi-

312 3211 364 3271 nis
385 3206 523 3287 relativi,
561 3229 658 3293 quam
680 3228 791 3272 omnes
820 3209 946 3293 graecis
975 3207 1040 3273 illis
1060 3201 1093 3284 ὃς
1112 3201 1163 3284 ἂν,
1198 3201 1278 3282 ὅςτις
1298 3203 1339 3270 ἄν

313 3318 382 3390 etc,
412 3306 583 3373 latinorum
607 3310 800 3396 quicunque,
830 3319 948 3402 poetro,
977 3334 1035 3377 wer
1055 3316 1169 3386 immor,
1202 3310 1338 3397 exprimi

311 3403 511 3497 compertum
532 3408 714 3476 habemus?
755 3410 830 3476 Non
850 3414 883 3477 in
905 3413 1050 3497 relativo,
1082 3417 1204 3503 opinor,
1230 3414 1339 3501 primi-

309 3524 361 3579 tus
379 3513 460 3578 haec
481 3517 531 3579 vis
553 3504 646 3594 inest,
668 3512 726 3577 sed
748 3517 782 3578 in
803 3536 840 3579 eo
862 3518 1004 3594 nomine,
1027 3516 1070 3581 ad
1092 3517 1179 3603 quod
1202 3515 1338 3581 refertur

309 3626 341 3680 et
359 3618 462 3703 cujus,
486 3624 522 3679 ut
543 3618 589 3681 ita
611 3615 729 3698 dicam,
751 3605 799 3682 est
818 3619 966 3683 vicarius.
996 3618 1083 3683 Illud
1102 3629 1210 3684 autem
1232 3621 1339 3706 ipsum

308 3718 406 3806 quale
427 3720 468 3782 sit
490 3728 522 3783 et
543 3717 585 3784 ad
606 3741 763 3806 quasnam
784 3743 836 3784 res
857 3730 915 3786 aut
942 3743 1097 3807 personas
1121 3731 1252 3808 spectet,
1289 3743 1339 3786 ro-

308 3820 409 3885 lativo
445 3813 578 3906 quidem
608 3823 775 3887 enuntiato
803 3823 906 3888 fusius
930 3822 1112 3911 explicatur
1134 3833 1167 3888 et
1199 3823 1337 3888 illustra-

307 3932 369 4002 tur,
402 3922 460 3987 sed
481 3933 591 3987 utrum
611 3946 713 3987 unum
738 3934 913 4014 notumque
930 3927 1000 4014 jam
1021 3936 1126 4009 antea,
1156 3949 1200 3990 an
1219 3947 1339 4012 genere

307 4034 364 4088 aut
386 4047 522 4089 numero
544 4024 713 4090 indefinita
730 4029 894 4113 respiciat,
931 4030 964 4093 id
987 4052 1053 4095 non
1075 4029 1223 4100 relativo,
1238 4050 1338 4094 enun-

306 4127 396 4209 tiato,
425 4125 483 4191 sed
505 4149 544 4192 ea
564 4119 708 4213 periodo,
731 4128 817 4194 unde
838 4130 1072 4218 illud'pendet,
1096 4133 1335 4200 determinatur.

305 4226 391 4291 Nam
414 4230 506 4315 cujus
531 4230 688 4294 enuntiati
716 4239 764 4295 est
792 4233 981 4318 membrum,
1018 4258 1061 4300 ex
1085 4239 1154 4323 eJus
1178 4236 1338 4300 sententia

306 4351 398 4396 suam
431 4332 498 4395 vim
529 4352 665 4418 eamque
694 4354 760 4397 non
791 4337 966 4421 ancipitem
996 4340 1143 4427 accipere
1173 4345 1337 4403 consenta-

305 4453 404 4498 neum
426 4442 483 4500 est.
