3567 5500
952 774 994 846 14

541 961 575 1030 II
614 959 753 1050 24215
785 965 892 1051 ἀγωγή
913 990 972 1055 pro
996 965 1110 1055 οἶρωρή.

538 1068 573 1133 II
612 1064 751 1152 223,19’
781 1079 892 1135 κοινῶν
918 1093 976 1158 pro
997 1081 1100 1134 κακῶν
1124 1070 1164 1137 ef.
1178 1093 1284 1159 ,supra
1305 1069 1346 1140 II.
1368 1064 1420 1152 25,
1444 1066 1485 1136 14

457 1171 511 1252 (de
533 1174 664 1238 mutatis
682 1198 701 1237 ν
721 1183 753 1238 et
774 1179 804 1253 κ)
825 1183 856 1238 et
877 1173 910 1238 Π
934 1168 1050 1256 118,1
1086 1178 1129 1258 (οι
1151 1183 1182 1240 et
1204 1179 1250 1257 a).

544 1275 578 1339 II
619 1270 694 1361 245,
715 1270 759 1342 20
799 1273 1019 1362 ἐξεργάζεσθαι
1040 1299 1099 1364 pro
1119 1316 1162 1325 -—
1185 1281 1266 1342 aaa.

541 1377 587 1458 (H
629 1375 702 1461 116,
730 1373 752 1445 5
772 1371 926 1442 καθ’ὅσον
948 1371 989 1443 civ
1011 1376 1155 1463 βούλοιτο
1179 1375 1484 1466 pro-dorileum&

539 1480 573 1544 II
617 1475 753 1561 248,17
793 1480 851 1545 εἴτε
874 1475 943 1566 ἅμα
962 1505 1020 1568 pro
1039 1486 1065 1545 εἰ
1089 1480 1130 1547 τοὶ
1153 1479 1222 1568 ἐμοί.

542 1582 587 1661 (Π
623 1576 695 1663 113,
716 1577 760 1648 20
781 1581 864 1648 κατά
886 1581 967 1668 pond
989 1594 1051 1650 cciv
1072 1607 1129 1672 pro
1149 1582 1232 1650 κατὰ
1254 1587 1351 1672 μέσον
1370 1581 1407 1651 τὰ
1421 1583 1450 1667 l)

543 1685 577 1748 Π
618 1679 735 1765 2646
780 1686 885 1751 diasat
906 1710 965 1772 pro
992 1688 1107 1762 δέηται.

437 1823 445 1836 ·
538 1786 571 1850 ΙΙ
612 1781 686 1869 277,
708 1782 731 1853 2
754 1789 1040 1875 κατεσκευασρὶένας
1062 1813 1119 1876 pro
1144 1789 1481 1876 κατασεσημασμένας.

540 1889 573 1953 Π
591 1884 663 1972 333,
679 1887 699 1955 7
722 1886 855 1975 δύναμιν
874 1914 933 1978 pro
958 1892 1138 1977 δυνάμεσιν.

541 1993 574 2056 Π
592 1987 700 2074 ml)
721 1988 830 2078 ἀρχικὴ
851 2017 910 2080 pro
931 1992 1021 2080 ἀρχὴ.

539 2095 709 2161 Praeterea
730 2095 830 2161 verba
858 2099 1039 2184 transponit
1064 2098 1108 2179 Π,
1132 2093 1284 2181 207,19;
1314 2096 1405 2162 addit
1427 2098 1480 2160 καὶ

455 2197 488 2264 Π
510 2193 584 2280 308,
600 2198 617 2264 1
635 2207 667 2262 et
680 2193 702 2261 4
725 2197 792 2275 (ubi
807 2221 848 2262 ex
864 2199 1066 2265 antecedenti
1080 2198 1175 2263 λευκά
1189 2210 1292 2266 ortum
1308 2207 1367 2282 est)
1383 2199 1422 2264 ef.
1437 2199 1479 2267 Π.

453 2296 576 2386 2683,
599 2300 743 2365 similiter
761 2301 803 2384 δὲ,
827 2303 860 2366 ll
883 2297 1025 2385 181‚15‘;
1050 2301 1192 2389 duplicat
1205 2301 1354 2389 syllabas,
1376 2302 1408 2366 ll
1428 2298 1479 2384 68,

454 2400 488 2489 8,
520 2402 666 2470 mirabile
685 2403 939 2469 additamentum
955 2415 1003 2470 est
1024 2396 1085 2469 ooo
1098 2406 1131 2468 in
1149 2407 1235 2480 εἰδοῖς
1251 2405 1339 2492 [ooo]
1365 2407 1435 2491 περὶ
1458 2398 1479 2466 ἅ

453 2508 496 2572 ΙΙ.
517 2501 590 2589 139,
601 2503 640 2575 ,2.
683 2508 835 2594 Denique
857 2505 897 2591 μὴ
921 2508 1031 2594 adjicit
1052 2508 1086 2571 Π
1108 2502 1180 2589 163,
1206 2503 1256 2574 13.

540 2612 647 2697 Atque
675 2609 755 2680 haec
778 2609 909 2697 quidem
931 2612 1102 2676 minutiora
1122 2620 1196 2675 sunt
1219 2611 1414 2692 discrimina,
1437 2632 1478 2674 ex

454 2736 591 2802 quarum
612 2713 874 2801 percunctatione
899 2714 960 2780 hoo
984 2723 1091 2780 tamen
1116 2712 1366 2780 emolumentum
1388 2715 1478 2779 e'nas-

452 2828 552 2899 cetur,
576 2828 612 2882 ut
634 2819 765 2904 quinam
788 2838 923 2899 errores,
948 2839 1031 2904 quae
1053 2816 1264 2881 mutationum
1279 2818 1478 2902 generasive

451 2917 612 2983 vocalium
649 2921 717 2984 sive
742 2920 984 2985 consonantium
1006 2919 1038 2982 in
1062 2919 1118 2984 illo
1142 2918 1251 2985 codice
1272 2919 1368 2984 latius
1390 2942 1477 3003 serp-

452 3023 571 3103 serint,
621 3022 835 3107 percipiamus
847 3068 856 3102 ‚
906 3024 1130 3108 perceptisque
1170 3020 1391 3103 deterremur,
1436 3042 1478 3085 ne

452 3125 485 3189 in
517 3123 674 3189 similibus
698 3125 726 3189 ei
746 3126 917 3210 quicquam
940 3123 1126 3189 tribuamus.
1171 3122 1268 3189 Velut
1291 3126 1317 3188 si
1340 3125 1373 3188 in
1395 3124 1476 3188 Vos-

451 3229 543 3292 siano
578 3227 620 3296 II.
642 3223 695 3309 49,
717 3223 736 3292 7
759 3222 832 3290 et8
866 3224 981 3312 legitur
1012 3225 1191 3313 προςφέρων
1223 3236 1253 3292 et
1283 3225 1476 3313 apogualtov'·

450 3352 538 3414 μενος
572 3352 630 3415 pro
652 3328 849 3414 reliquorum
872 3328 1020 3393 codicum
1040 3329 1206 3415 προφέρων
1238 3339 1269 3393 et
1301 3324 1476 3415 προκαλού-

449 3456 548 3517 μενος,
585 3432 645 3496 hae
665 3429 828 3513 lectiones,
861 3432 987 3496 etiamsi
1007 3430 1089 3496 forte
1108 3433 1282 3497 sententiae
1303 3453 1400 3496 causa
1422 3454 1476 3518 pa·

449 3534 577 3600 tronum
611 3534 720 3620 adepti
752 3544 869 3615 essent,
906 3544 1014 3599 tamen
1041 3534 1174 3616 collatis,
1210 3555 1292 3621 quae
1319 3556 1416 3620 supra
1434 3533 1476 3597 de

450 3639 593 3723 sigmatis
621 3637 863 3723 interpositione
898 3638 1162 3723 conscripsimus,
1196 3638 1250 3723 qui
1286 3636 1475 3729 defensupus

449 3741 499 3823 sit,
521 3741 685 3805 neminem
700 3740 770 3826 jam
790 3739 964 3805 invenient.

533 3843 578 3908 At
599 3851 673 3908 sunt
693 3851 812 3924 tamen,
843 3864 926 3928 quae
947 3841 1046 3908 dubia
1065 3851 1225 3923 maneant,
1247 3843 1280 3905 in
1304 3851 1376 3906 utro
1396 3863 1474 3908 vora

448 3944 606 4030 legantur,
630 3944 720 4010 velut
731 3943 818 4031 quod
837 3944 870 4008 Π
890 3940 942 4027 27,
949 3939 991 4010 24
1002 3946 1036 4008 in
1044 3944 1201 4009 Vossiano
1214 3943 1365 4009 articulus
1377 3941 1476 4023 (κατὰ

448 4044 493 4109 τὸ
515 4047 616 4133 μέλος)
641 4046 775 4128 accedit,
810 4045 864 4110 vel
886 4047 973 4133 quod
995 4046 1028 4110 Π
1052 4044 1125 4129 101,
1154 4042 1195 4111 19
1216 4048 1249 4110 in
1272 4044 1326 4112 illo
1348 4056 1397 4111 est
1418 4072 1473 4108 κα-

447 4149 714 4226 τασκευάζεσθαι,
745 4150 780 4213 in
806 4148 836 4212 A
858 4147 1185 4231 scortatorerooioaoSou²
1204 4149 1258 4214 vel
1280 4148 1314 4213 Π
1336 4143 1409 4231 140,
1433 4143 1475 4212 18

447 4255 572 4330 ἐλπίδος
593 4254 626 4317 in
644 4277 685 4334 x,
729 4253 866 4315 ἐλπίδων
888 4254 928 4317 inr
946 4252 990 4335 Α,
1025 4274 1119 4339 porro
1142 4252 1175 4315 Π
1195 4248 1294 4336 230,7
1317 4254 1350 4317 in
1374 4252 1473 4317 altero

446 4351 584 4443 εὔφρονα
608 4361 665 4439 (x),
702 4356 735 4418 in
766 4354 867 4420 altero
891 4360 1032 4442 ἔμφρονα
1051 4354 1119 4435 (Α).
1162 4355 1307 4440 Longius
1325 4364 1432 4419 autern
1455 4376 1475 4417 a

447 4458 558 4524 codice
574 4459 603 4523 Α
625 4457 705 4523 haec
725 4456 908 4523 discedunt:

446 4563 562 4648 μανίας
582 4584 642 4650 pro
664 4562 778 4648 μωρίας
798 4555 873 4644 315,
898 4558 948 4628 17.
