3567 5500
800 729 840 847 ci

305 954 421 1037 revera
456 978 563 1033 autem
592 967 633 1032 ab
667 989 705 1033 eo
733 990 864 1054 genere,
905 968 938 1031 in
972 988 1035 1054 quo
1064 989 1122 1033 nos
1157 989 1334 1049 versamur,

308 1074 433 1155 aliena3
467 1070 557 1136 velut
577 1074 605 1135 si
627 1070 759 1137 dicitur:
789 1063 822 1147 ὂς
843 1063 884 1133 ἂν
905 1075 977 1150 (τις)
1001 1053 1101 1133 colito
1123 1066 1247 1155 ποιήσῃ,
1271 1064 1335 1151 (οὗ-

307 1181 375 1259 τος)
396 1180 558 1254 θανεῖται,
592 1174 736 1260 quisquis
758 1172 821 1238 hoc
842 1173 963 1254 fecerit,
997 1176 1050 1257 (is)
1080 1173 1243 1253 morietur,
1278 1194 1336 1236 war

287 1284 412 1343 ¹tormer
433 1278 490 1341 dea
511 1276 621 1362 petloa
643 1277 706 1354 lot,
727 1298 760 1340 er
779 1277 856 1341 wird
879 1277 1004 1351 sterben,
1040 1278 1075 1339 in
1093 1274 1143 1339 his
1166 1296 1233 1339 non
1255 1283 1335 1359 puto

307 1373 340 1456 ὃς
360 1372 403 1442 ἂν
421 1388 453 1443 et
472 1374 577 1455 οὗτος,
602 1380 748 1464 quisquis
766 1389 803 1444 et
824 1380 862 1459 is,
885 1401 943 1443 wer
961 1386 992 1442 et
1013 1400 1043 1443 er
1066 1379 1150 1441 inter
1172 1398 1242 1441 sese
1264 1396 1336 1441 ccn-

302 1480 474 1571 jungenda
495 1503 577 1555 esse,
609 1480 668 1544 'sed
688 1482 920 1545 accuratiorem
943 1481 1214 1545 constructionem
1235 1480 1271 1542 in
1291 1487 1337 1542 tc-

308 1582 392 1647 libus
415 1605 485 1647 esse
506 1574 539 1657 ὃς
561 1578 603 1645 ἄν
624 1607 672 1657 τις
691 1577 710 1665 ᾗ
732 1581 749 1643 ὁ
770 1591 873 1644 τοῦτο
897 1579 1040 1661 ποιήσας,
1071 1575 1164 1657 οὗτος
1184 1586 1336 1643 θανεῖται

308 1696 379 1767 etc,
402 1694 440 1750 ut
460 1676 493 1759 ὃς
506 1679 548 1746 ἄν
561 1709 621 1770 τις,
645 1686 800 1771 quisquis,
821 1706 880 1749 wer
893 1688 999 1749 imma·
1013 1705 1080 1747 non
1099 1684 1162 1747 sint
1182 1681 1336 1769 subjecta,

309 1787 366 1853 sod
393 1784 589 1872 praedicata,
628 1807 690 1849 nec
718 1785 981 1868 demonstrativa,
1018 1788 1045 1850 si
1072 1784 1179 1851 adsint
1198 1822 1238 1833 —
1260 1806 1340 1853 nam.

309 1888 445 1954 deerunt
458 1887 652 1974 plerumque
666 1926 717 1970 -,
741 1887 784 1952 ad
797 1887 985 1974 praedicata
998 1889 1178 1975 pertineant
1193 1886 1250 1951 sed
1265 1886 1337 1951 sub-

305 1994 465 2078 jectorum
496 1992 644 2055 notiones
668 1990 698 2070 (ὁ
719 1987 890 2064 πεποιηκώς
911 1996 983 2069 eto.)
1017 1998 1173 2077 repetant.
1229 1989 1336 2075 Atque

312 2095 380 2181 ejus
412 2091 500 2157 modi
533 2093 712 2156 enuntiata*
733 2113 807 2156 cum
839 2083 872 2167 ὃς
899 2088 940 2154 ἄν
969 2118 1016 2167 τις
1047 2093 1235 2179 quisquis,
1271 2112 1337 2155 wer

310 2200 441 2271 irascar,
465 2216 549 2281 quae
564 2194 785 2279 interrogandi
800 2203 875 2259 sunt
896 2192 1062 2275 formulae,
1086 2194 1271 2259 introducta
1283 2214 1337 2259 ne·

311 2299 379 2363 acio
409 2320 452 2362 an
482 2298 714 2382 interrogativa
745 2298 862 2361 rectius
896 2295 1102 2384 appellentur
1134 2318 1233 2384 quam
1255 2295 1336 2360 rola·

312 2402 392 2482 tiva3
421 2420 539 2485 nempe
557 2400 658 2463 menti
680 2398 876 2481 obversatur,
898 2398 980 2463 nihil
1005 2402 1135 2465 interest
1157 2398 1211 2465 vel
1232 2398 1337 2465 simile

312 2501 447 2589 aliquid.
490 2500 587 2582 Quod
609 2522 686 2565 vero
710 2503 905 2567 constructio
929 2501 1094 2588 aliquanto
1125 2500 1232 2566 differt
1254 2522 1274 2564 a
1294 2499 1337 2567 le-

312 2607 426 2690 gitima
455 2604 772 2696 interrogationum,
792 2625 875 2690 quae
898 2602 1048 2667 dicuntur
1081 2604 1266 2686 indirectae,
1304 2602 1338 2667 id

315 2708 402 2793 apud
422 2726 567 2792 graecos,
594 2707 623 2770 si
642 2706 769 2783 accidit,
793 2729 852 2794 per
873 2706 1095 2771 confusionem
1116 2714 1241 2771 tantum
1264 2726 1338 2771 cum
1395 2755 1407 2772 e

315 2808 456 2873 relativis
476 2809 650 2873 enuntiatis
671 2808 827 2894 explicari
848 2819 972 2896 potest;
1003 2831 1080 2874 nam
1095 2810 1186 2896 justa
1206 2811 1338 2873 interro-

315 2911 479 2997 gationum
499 2908 615 2974 talium
632 2908 737 2974 forma
758 2911 825 2976 fere
847 2910 930 2976 haec
947 2922 1011 2976 est:
1043 2905 1122 2987 ὅςτις
1139 2909 1178 2986 δὴ
1200 2907 1273 2974 ποτ’
1297 2903 1338 2974 dr

314 3009 500 3096 τνγχυίνειὸ
523 3009 674 3095 ποιήσας
711 3013 798 3099 apud
819 3012 939 3079 latinos¹
959 3023 1066 3078 autem
1090 3014 1282 3080 indicativus
1304 3014 1338 3076 in

314 3112 365 3179 his
387 3113 688 3200 interrogationibus
723 3117 905 3201 antiquiore
938 3125 1081 3201 tempore
1109 3115 1268 3180 admissus
1292 3124 1341 3180 est

316 3215 356 3279 cf.
373 3216 503 3300 Madvig
524 3239 571 3300 pr.
595 3217 646 3280 lot.
670 3213 704 3304 ᾗ.
726 3213 799 3283 356.
820 3212 851 3282 3.
1295 3220 1299 3230 ‘

320 3361 329 3383 .
400 3317 536 3403 Signum
559 3319 658 3403 igitur
680 3318 840 3384 indefiniti
868 3321 902 3383 in
924 3318 1068 3384 relativis
1092 3327 1160 3384 erat
1180 3315 1341 3406 particula

312 3420 370 3501 ἄν,
407 3441 491 3506 quae
519 3423 585 3506 qua'
612 3423 736 3488 ratione
763 3422 839 3485 huie
871 3423 918 3486 rei
946 3421 1062 3486 idonea
1093 3443 1163 3486 esse
1191 3421 1339 3508 potuerit,

313 3544 387 3589 cum
410 3545 451 3587 ex
481 3521 606 3609 reliquo
641 3527 710 3610 ejus
738 3547 800 3590 usu
828 3533 973 3609 apparet,
1008 3534 1076 3588 tum
1101 3543 1143 3588 ex
1173 3545 1209 3588 eo
1240 3545 1340 3615 more,

313 3648 378 3714 quo
401 3647 498 3711 saepe
519 3647 580 3712 per
598 3627 811 3711 βραχυλογίαν
831 3649 890 3712 pro
912 3635 977 3691 toto
1000 3629 1163 3690 enuntiato
1184 3627 1340 3714 hypothe-

313 3730 375 3792 tico
398 3729 476 3814 poni
499 3726 580 3793 solet
602 3728 642 3792 cf.
656 3729 838 3814 Bernhardy
858 3728 1077 3815 wiramseloftl.
1093 3729 1210 3813 Syatoa
1232 3751 1263 3814 p.
1277 3723 1341 3796 256

314 3840 346 3894 et
367 3831 406 3894 A.
432 3830 468 3894 F.
492 3831 579 3894 Ata
600 3831 649 3896 dia
674 3829 855 3916 Gruudzztpe
878 3832 930 3894 der
950 3829 1047 3896 Leltrc
1074 3855 1132 3896 von
1158 3831 1289 3917 Tempus
1310 3855 1340 3895 u.

313 3931 427 3998 Modus
446 3936 489 3996 im
512 3930 717 3999 Grieetisetea
739 3930 772 4023 ἓ
782 3929 826 4000 56
851 3940 894 4010 (et
908 3927 971 4000 287
984 3939 1055 4020 sq).
1098 3932 1197 3999 Aken
1217 3929 1257 3996 ἄν
1280 3934 1342 4019 pri·

314 4035 410 4098 mitus
442 4033 543 4098 fuisse
564 4034 659 4100 docet
687 4035 975 4100 demonstrativum
997 4035 1064 4100 fere
1087 4037 1121 4100 id
1144 4035 1342 4121 significans,

315 4135 401 4223 quod
423 4138 529 4215 „tum“
551 4147 583 4201 et
604 4140 681 4203 derra
700 4136 823 4218 (correl.
843 4140 880 4214 si,
903 4143 940 4218 εἰ,
963 4139 1072 4222 werra),
1097 4137 1216 4204 deinde
1235 4147 1341 4202 autem

316 4236 475 4301 indefiniti
490 4260 620 4326 quoque
640 4239 907 4325 significationem
931 4243 1093 4326 accepisse
1114 4240 1202 4322 (vide
1215 4241 1343 4326 Kriiger
1405 4315 1408 4320 ¹

315 4359 443 4430 quoque
465 4335 564 4429 §.dl
588 4337 638 4423 10,
660 4338 703 4425 3).
747 4342 854 4431 Atque
874 4342 970 4422 hanc,
1002 4343 1125 4436 opinor,
1151 4341 1238 4428 apud
1261 4341 1342 4407 rela-

314 4444 382 4506 tiva
404 4443 545 4525 retinuit,
581 4443 638 4509 sed
660 4465 733 4509 eum
755 4447 788 4509 in
810 4444 952 4526 modum,
985 4453 1020 4508 ut
1045 4444 1088 4509 ad
1107 4444 1343 4522 distributivam

315 4542 496 4611 inclinaret.
538 4539 623 4611 Nam
644 4538 677 4623 ὃς
696 4542 737 4612 ἄν
759 4569 858 4634 quum
880 4544 1028 4634 primitus
1055 4547 1178 4614 valeret
1200 4549 1255 4635 qui
1279 4546 1344 4614 ali·
