3567 5500
932 761 975 836 20

438 958 595 1046 ruptionis
608 956 722 1023 fuisset
740 955 888 1038 facilitas,
911 954 1151 1042 intelligeretur.
1189 955 1340 1022 Attamen
1357 954 1407 1022 his
1422 955 1466 1022 ita

439 1062 591 1146 expositis
612 1062 776 1131 neminem
796 1058 996 1147 praeteribit,
1039 1060 1074 1124 in
1093 1059 1154 1126 hac
1173 1081 1271 1145 opera
1292 1060 1349 1124 vix
1369 1081 1465 1146 posse

439 1165 613 1250 acquiesci3
655 1187 732 1231 nam
765 1187 808 1230 ex
842 1162 1031 1229 mendorum
1072 1171 1243 1248 conspectu
1281 1159 1361 1226 nihil
1395 1183 1465 1247 per-

439 1267 575 1352 cipimus
604 1268 678 1350 nisi,
716 1288 877 1355 quaenam
895 1265 1109 1351 corruptionis
1129 1285 1249 1349 genera
1271 1267 1306 1328 in
1324 1283 1465 1351 unoquo-

357 1419 361 1426 .
439 1391 502 1456 que
533 1369 644 1436 codice
677 1371 743 1436 sint
776 1369 958 1457 frequentia
977 1377 1075 1455 atque
1097 1367 1211 1454 quibus
1233 1369 1267 1432 in
1290 1366 1401 1432 formis
1424 1366 1465 1430 ad

437 1473 516 1537 vitia
550 1482 581 1538 et
613 1473 859 1559 depravationes
899 1469 1017 1556 singuli
1051 1471 1204 1557 propensi
1235 1469 1388 1564 fuerint.⁸
1422 1470 1466 1532 At

336 1605 340 1612 ¹
438 1585 512 1640 sunt
531 1578 680 1662 graviora
702 1597 831 1662 quoquc
850 1574 977 1656 menda,
1000 1582 1074 1638 sunt
1095 1572 1159 1638 alia
1174 1571 1359 1658 singularia,
1383 1592 1465 1657 quae

437 1677 527 1743 nullo
551 1678 668 1757 horum
688 1700 843 1763 generum
863 1685 999 1765 possunt
1021 1673 1259 1763 comprehendi,
1284 1672 1325 1737 de
1349 1670 1465 1760 quibus
1495 1691 1512 1720 ι·

439 1781 474 1846 in
493 1780 596 1846 altera
615 1782 818 1867 potissimum
838 1780 933 1866 hujus
953 1777 1055 1843 libelli
1074 1787 1166 1865 parte
1185 1798 1328 1863 agemus.
1371 1774 1466 1839 Nunc

439 1876 556 1965 autern,
593 1885 746 1970 quoniam
776 1882 887 1969 plures
917 1879 1036 1946 adsunt
1064 1903 1125 1946 nec
1154 1902 1279 1968 aequae
1312 1878 1465 1944 bonitatis

439 2006 561 2066 omnes,
579 1987 613 2050 in
624 1987 821 2067 universum,
837 1984 925 2076 quod
938 1992 1103 2070 saputem,
1124 1993 1244 2070 quanta
1258 1983 1413 2069 cujusque
1426 1980 1466 2044 sit

439 2089 617 2169 auctoritas,
645 2085 699 2152 vel
713 2088 800 2174 quod
816 2087 906 2152 idem
921 2094 977 2169 est,
1002 2109 1086 2174 quae
1099 2087 1181 2150 inter
1195 2084 1268 2150 illos
1289 2081 1466 2148 intercedat

438 2191 596 2274 cognatio,
621 2211 823 2276 quaeramus.
857 2189 966 2276 Atque
984 2188 1089 2254 adhuc
1105 2187 1237 2275 quidem
1256 2187 1465 2273 interpretum
1490 2269 1496 2282 ι
1536 2255 1537 2262 ¹

439 2291 617 2360 etaliorum
631 2293 773 2356 virorum
791 2290 1076 2357 eruditissimorum
1095 2289 1220 2377 judicio
1234 2290 1307 2354 freti
1322 2288 1464 2353 codicem

437 2393 619 2462 Parisinum
649 2402 765 2459 testem
789 2402 1008 2480 praestantem
1031 2403 1071 2476 et,
1110 2395 1136 2458 si
1157 2393 1353 2458 Vossianum
1380 2393 1464 2456 excie

396 2512 400 2524 ·
438 2498 519 2584 pias,
548 2497 691 2561 omnium
716 2498 872 2582 optimum
896 2518 965 2561 csse
989 2496 1164 2562 identidem
1185 2495 1321 2582 professi
1343 2517 1463 2560 sumus.

439 2599 535 2680 Quod
553 2599 712 2685 judicium
731 2608 799 2662 tarn
822 2599 920 2684 longe
942 2597 1066 2680 absum,
1097 2607 1132 2662 ut
1154 2596 1333 2663 labefacere
1352 2597 1461 2678 velim,

438 2711 474 2767 ut
505 2712 536 2767 et
562 2703 754 2778 mendorum
783 2700 997 2789 descriptione
1027 2701 1285 2767 confirmaverim
1315 2708 1346 2764 et
1369 2700 1463 2766 novis

433 2807 509 2897 jam
532 2803 648 2869 fulcire
676 2805 875 2889 argumentis
900 2806 935 2871 in
967 2806 1076 2869 animo
1108 2804 1255 2881 habeam.
1298 2803 1463 2889 Imprimis

439 2907 524 2970 enim
552 2908 754 2992 propositum
785 2915 834 2970 est
861 2905 995 2970 definire
1018 2916 1050 2970 et
1079 2908 1259 2971 accuratius
1290 2905 1464 2987 delineare,

359 3066 361 3072 .
439 3007 635 3097 quibusnam
655 3010 689 3075 in
706 3007 802 3073 rebus
821 3005 879 3073 illa
903 3010 1102 3093 praestantia
1122 3009 1232 3094 vigeat
1252 3016 1284 3072 et
1305 3017 1463 3095 quatenus

437 3110 570 3198 polleat.
623 3110 707 3177 Nam
731 3111 890 3196 optimum
920 3109 1061 3198 aliquem
1090 3110 1236 3177 codicem
1267 3132 1346 3191 esse,
1381 3108 1414 3173 id
1437 3110 1465 3174 si

438 3212 614 3299 diligenter
644 3214 837 3300 perpendas,
874 3212 1027 3299 ambigue
1050 3214 1172 3279 dictum
1196 3222 1261 3278 est:
1304 3211 1465 3277 Utrumne

437 3318 483 3383 ita
501 3324 550 3382 est
569 3316 718 3401 optimus,
739 3324 775 3379 ut
788 3315 884 3380 simul
905 3326 1083 3381 ceterorum
1101 3314 1174 3381 fons
1194 3318 1235 3381 sit
1255 3325 1352 3403 atque
1369 3337 1463 3396 unus,

437 3440 534 3507 quem
557 3419 718 3503 respicere
738 3416 926 3499 debeamus,
964 3440 1125 3504 quemque
1150 3420 1177 3482 si
1199 3417 1241 3482 ad
1270 3416 1395 3481 literam
1418 3438 1464 3480 se·

436 3541 583 3608 quarnur,
604 3527 783 3586 ceterorum
806 3542 868 3606 ope
888 3522 1017 3586 omnino
1041 3542 1107 3585 non
1130 3518 1303 3603 egeamus?
1348 3519 1401 3583 An
1424 3540 1461 3583 eo

435 3622 567 3687 nomine
598 3629 646 3685 est
675 3624 824 3709 optimus,
861 3620 948 3709 quod
976 3624 1118 3687 omniurn
1145 3622 1186 3686 sit
1219 3622 1461 3708 antiquissimus

435 3724 608 3810 multisque
626 3746 693 3790 non
714 3723 894 3790 maculatus
918 3726 1013 3807 vitiis,
1040 3748 1124 3812 quae
1146 3726 1179 3789 in
1201 3733 1321 3789 ceteros
1345 3723 1462 3788 scriba-

434 3849 507 3894 rum
528 3848 643 3891 manus
665 3825 908 3913 adsperserint?
957 3828 998 3892 In
1023 3826 1085 3892 hoc
1113 3828 1214 3912 igitur
1235 3848 1285 3891 res
1306 3835 1461 3908 versatur,

433 3938 471 3995 ut
488 3949 669 4010 cernamus,
706 3930 788 3993 sitne
814 3932 884 4015 ipse
907 3931 977 3996 cod.
1001 3930 1165 3993 Parisinus
1196 3938 1374 3994 ceterorum
1396 3951 1462 3994 om·

432 4032 532 4114 nium,
559 4051 639 4118 quos
663 4029 828 4114 habemus,
856 4032 937 4115 fons,
960 4054 1002 4097 an
1022 4032 1135 4096 ceteris
1160 4053 1200 4095 ex
1224 4032 1296 4096 aliis
1317 4031 1460 4097 fontibus

433 4133 596 4219 derivatis,
620 4133 699 4199 duas
719 4132 772 4200 vel
794 4133 903 4221 plures
924 4133 1060 4199 familias
1080 4134 1227 4199 codicum
1249 4124 1395 4222 oporteat
1415 4134 1460 4198 di-

432 4238 546 4306 scerni.
591 4236 698 4323 Atque
719 4238 877 4325 posterius
902 4259 1014 4301 verum
1037 4258 1107 4301 esse
1128 4236 1307 4324 apparebit.
1377 4242 1381 4248 '

514 4339 588 4405 Non
612 4341 699 4405 enim
720 4349 900 4404 ceterorum
924 4338 1071 4405 codicum
1094 4338 1259 4422 lectiones,
1288 4340 1344 4405 ubi
1368 4363 1388 4403 a
1410 4362 1459 4405 co-

429 4443 501 4510 dice
524 4443 556 4508 A
577 4442 740 4523 differunt,
776 4443 821 4506 ita
844 4436 919 4507 dunt
942 4464 1051 4507 omnes
1074 4428 1286 4530 comparatae,
1320 4451 1355 4507 ut
1381 4464 1459 4509 casu

428 4546 536 4633 aliquo
558 4567 600 4609 ex
619 4543 677 4609 illo
697 4543 892 4630 depravatas
915 4567 985 4612 esse
1004 4568 1078 4611 cum
1105 4546 1216 4632 aliqua
1245 4547 1370 4629 ratione
1391 4549 1459 4621 axi-
