3567 5500
952 764 997 837 90

458 956 535 1020 fert:
574 958 610 1019 τί
630 957 700 1040 tat,
736 967 789 1040 γῆς
808 981 845 1021 τι
866 956 1005 1041 τμήσεως
1031 956 1087 1032 τῆς
1106 957 1283 1034 Ἑλληνικῆς
1306 959 1360 1021 καὶ
1383 955 1487 1021 οἰκιῶν

458 1055 631 1143 ἐμπρήσεως
658 1057 754 1123 ποῖόν
776 1053 822 1124 Ιτί
840 1083 892 1122 σοι
925 1056 1096 1145 δράσουσιν
1119 1065 1150 1122 οἱ
1178 1057 1380 1147 στρατιῶται
1410 1054 1488 1146 πρὸς

457 1157 534 1235 vot,
550 1162 733 1245 πολεμίουςς
764 1184 903 1249 quocum
928 1168 1055 1246 praeter
1069 1161 1247 1239 Platonica,
1270 1161 1485 1249 quaeStallb.

411 1263 427 1290 ⁰
457 1261 498 1326 ad
521 1262 551 1325 h.
574 1262 595 1327 l.
620 1273 651 1328 et
672 1260 768 1330 7451)
792 1261 956 1343 adscribit,
995 1262 1131 1327 conferri
1153 1274 1298 1350 possunt,
1331 1263 1486 1328 Matthiae

456 1357 521 1427 342
543 1374 575 1429 et
593 1364 784 1452 Bernhardy
804 1363 1077 1451 wissenscdostliclze
1090 1365 1207 1452 Syrnos
1229 1363 1331 1452 p.141
1352 1375 1384 1430 et
1404 1366 1486 1429 Kro-

456 1486 514 1549 ger
535 1463 632 1554 §.42
655 1464 707 1549 10,
729 1463 759 1533 8.
803 1466 870 1532 Sed
891 1468 958 1531 sive
981 1488 1038 1552 pro
1059 1469 1129 1550 περὶ
1150 1490 1224 1531 eum
1243 1470 1392 1553 usurpari
1417 1462 1486 1530 sive

446 1566 601 1633 'absolute
624 1573 701 1655 poni
720 1560 867 1650 dicimris,
887 1569 956 1632 sive
971 1590 1045 1632 cum
1058 1566 1173 1634 Stallb.
1198 1570 1325 1653 ,habita
1341 1569 1482 1633 ratione“

455 1669 619 1752 vertimus,
656 1672 706 1735 his
729 1663 886 1753 omnibus,
922 1671 1062 1756 inquam,
1096 1671 1240 1735 artificiis
1262 1692 1328 1735 non
1348 1668 1484 1735 multum

455 1769 625 1840 lucramur.
677 1772 780 1837 Immo
806 1771 1135 1857 circumspiciendum·
1152 1782 1209 1855 est,
1247 1776 1274 1837 si
1295 1771 1424 1858 quidem
1446 1771 1484 1835 il-

455 1872 521 1937 lum
553 1873 831 1960 usum⁴explicare
854 1876 1057 1959 propositum
1081 1886 1138 1956 est,
1178 1875 1220 1938 ad
1242 1874 1406 1961 quodnam
1429 1896 1484 1959 ge·
1558 1949 1568 1963 ἱ
1642 1906 1643 1921 ¹

454 1975 626 2039 nitivorum
649 1998 750 2060 genus
761 1978 919 2062 proxime
943 1973 1086 2039 accedat.
1128 1976 1188 2040 Est
1208 1998 1309 2059 genus
1329 1978 1405 2041 satis
1427 1999 1483 2041 no·

453 2088 532 2159 tum,
570 2073 658 2164 quod
686 2100 786 2165 quum
816 2077 917 2162 vulgo
943 2076 1051 2141 dicant
1079 2079 1265 2163 partitivum
1296 2080 1484 2165 genitivum,

453 2180 561 2244 nescio
589 2201 632 2243 an
659 2181 777 2245 rectius
804 2188 912 2264 agant,
951 2181 1007 2265 qui
1032 2179 1246 2245 universalem
1269 2179 1406 2265 (Genitio
1431 2181 1482 2245 des

456 2279 595 2364 (lenaeo)
616 2283 792 2349 nominant.
835 2282 909 2347 Non
931 2283 1019 2363 enim
1049 2290 1174 2367 partem
1199 2281 1343 2369 aliquam
1366 2281 1482 2367 signifi-

356 2443 360 2452 .
453 2390 515 2463 cat,
540 2382 597 2447 sed
616 2384 798 2448 universam
819 2392 968 2447 ettotam
986 2406 1054 2447 rem
1076 2404 1157 2465 eam,
1183 2406 1225 2448 ex
1245 2406 1310 2470 qua
1329 2406 1404 2471 pars
1427 2383 1481 2448 ali-

454 2504 519 2570 qua
539 2487 708 2571 excipitur.
740 2483 852 2564 -Quae
874 2487 924 2549 vis
947 2486 981 2549 in
1002 2487 1086 2550 tritis
1104 2484 1167 2550 illis
1191 2478 1265 2572 ἀνὴρ
1287 2483 1348 2549 ved
1371 2482 1480 2571 δήμου,

453 2586 496 2661 εἷς
509 2584 571 2648 τοο
584 2584 737 2668 πλήθους,
765 2587 946 2651 ἀναλίσκειν
968 2598 1034 2652 τῶν
1056 2586 1159 2650 αὑτοῦ
1183 2597 1214 2653 et
1237 2591 1397 2653 sexcentis
1411 2589 1477 2653 aliis

453 2689 609 2777 exemplis
632 2690 732 2776 vulgo
764 2690 949 2759 illustratur.
1008 2690 1130 2756 Eadem
1153 2700 1260 2756 autem
1281 2693 1315 2755 in
1336 2691 1398 2757 hoc
1420 2712 1479 2756 usu

453 2802 509 2874 est,
533 2793 574 2858 de
596 2815 660 2880 quo
682 2815 770 2858 nunc
792 2795 933 2878 agimus,
959 2779 1017 2858 ¹ubi
1037 2795 1075 2876 is,
1099 2796 1155 2880 qui
1178 2795 1332 2881 loquitur,
1357 2796 1390 2858 in
1412 2795 1480 2857 uni-

451 2917 580 2960 versum
610 2895 779 2960 dumtaxat
812 2917 888 2959 rems
903 2905 936 2960 et
964 2889 1190 2980 argumentum
1212 2895 1343 2976 indicat,
1380 2897 1479 2982 prius·

452 3010 559 3084 quam,
581 3000 665 3087 sieut
684 3000 719 3060 iu
742 2996 928 3084 quotidiano
956 3019 1102 3062 sermone
1123 2997 1191 3061 fieri
1214 2997 1306 3078 solet,
1336 2997 1480 3084 quidex

451 3099 538 3164 illius
560 3102 607 3164 rei
625 3101 834 3164 universitate
856 3098 1077 3164 extollendum
1100 3101 1151 3181 sit,
1177 3099 1239 3164 sibi
1262 3101 1322 3185 ipsi
1345 3101 1385 3163 sit
1406 3122 1480 3164 con-

452 3203 546 3266 scius.
601 3202 708 3289 Atque
732 3202 816 3265 hanc
845 3202 975 3289 quidem
1004 3201 1103 3267 habet
1136 3201 1380 3266 similitudinem
1406 3223 1479 3266 cum

450 3306 589 3388 genitivo
613 3304 772 3386 absoluto,
811 3305 867 3390 qui
888 3303 987 3388 vulgo
1012 3304 1137 3386 dicitur,
1174 3304 1260 3390 quod
1281 3312 1415 3390 uterque
1438 3326 1480 3368 ex

451 3407 512 3470 hac
530 3408 682 3492 primarie
698 3408 832 3491 genitivi
854 3428 947 3471 casus
970 3416 1096 3488 natura,
1128 3428 1224 3493 quarn
1245 3406 1394 3487 diximus,
1427 3428 1480 3470 ex·

450 3507 621 3594 plicandus
651 3518 700 3573 est
722 3508 775 3589 (de
797 3510 935 3604 genitivi¹
963 3507 1104 3573 absoluti
1129 3510 1252 3592 origine
1281 3507 1321 3572 ef.
1344 3507 1479 3573 Classen

398 3646 402 3654 ·
450 3601 963 3698 Fronkfurt.Propromm1857).
1007 3610 1051 3674 At
1073 3619 1207 3696 apparet
1228 3610 1303 3674 huic
1325 3631 1365 3674 ex
1384 3610 1479 3696 Legi·

449 3712 509 3778 bus
533 3713 605 3777 loco
633 3713 729 3791 illum
758 3714 932 3798 genitivum
960 3735 1026 3776 non
1050 3713 1202 3776 idoneum
1226 3735 1306 3777 esse.
1362 3711 1479 3793 Quam-

450 3838 548 3902 quam
566 3816 601 3878 in
616 3814 715 3880 verbo
731 3817 931 3879 διανοεῖσθαι
946 3814 1027 3878 nihil
1047 3815 1162 3896 obstat,
1186 3837 1249 3901 quo
1264 3816 1370 3879 minus
1393 3815 1479 3880 idem

449 3917 533 3982 adsit
555 3938 662 3999 casus,
697 3919 752 4004 qui
774 3917 862 4003 apud
883 3917 1032 3980 ὑπονοεῖν
1052 3925 1084 3980 et
1107 3919 1293 3980 διασκοπεῖν
1313 3917 1430 3997 (Thuc.
1450 3917 1477 3980 I.

448 4014 492 4085 52
503 4030 535 4084 ct
543 4015 602 4100 Ῠ68)
626 4021 797 4084 invenitur.
840 4019 949 4106 Atque
971 4020 1136 4084 invenitur
1158 4020 1191 4081 in
1210 4018 1340 4100 talibus,
1370 4018 1489 4105 qualia'

450 4143 547 4209 supra
569 4121 807 4208 descripsimus.
862 4121 927 4186 Hic
959 4129 1066 4186 autem
1090 4123 1283 4185 constructio
1308 4121 1401 4186 aliter
1424 4120 1478 4184 ha·

448 4223 511 4292 bet.
555 4222 646 4288 Nihil
668 4222 761 4286 adest
782 4224 920 4287 notionis
943 4222 997 4288 vel
1021 4223 1228 4309 quaestionis,
1254 4243 1296 4286 ex¹
1317 4244 1478 4309 qua-pars

449 4327 490 4390 sit
512 4323 706 4402 exhibenda,
731 4320 822 4387 ‘nihil
849 4327 1012 4404 enuntiati,
1047 4347 1110 4412 quo
1140 4346 1240 4389 unum
1267 4323 1320 4388 vel
1351 4321 1479 4408 singula

449 4435 639 4513 argumenta
659 4449 702 4490 ex
722 4435 790 4490 tote
811 4449 846 4491 re
875 4429 1061 4514 praeposita
1090 4425 1259 4511 desumpta
1289 4435 1478 4514 mactentur3

449 4527 507 4593 sed
526 4529 597 4616 jam
625 4527 667 4594 ab
687 4528 777 4594 initio
805 4537 937 4612 constat,
978 4529 1057 4614 quid
1079 4528 1120 4593 de
1148 4550 1186 4593 ea
1215 4550 1260 4611 re,
1294 4549 1377 4616 quae
1402 4526 1478 4592 dein
