3567 5500
956 766 999 836 64

464 952 538 1037 138)
569 956 606 1019 ori
631 954 693 1045 γὰρ
727 955 770 1022 ἔτ’
800 955 903 1023 ἄλλον
935 954 1028 1033 ἤπιον
1062 954 1120 1022 cide
1153 952 1277 1023 ἄνακτα
1310 954 1488 1049 toxicatam,

463 1052 582 1123 ὅπποσ’
604 1061 740 1149 ἐπέλθω,
779 1060 861 1126 illud
887 1064 1031 1124 ἐπελθεῖν
1053 1071 1108 1127 aut
1140 1072 1334 1149 persecut
1360 1072 1490 1150 propter

463 1160 622 1249 objectum
640 1162 848 1251 hypothetica
877 1166 1000 1229 ratione
1018 1163 1194 1229 dicareturl
1238 1162 1369 1231 Scilicet
1392 1168 1489 1231 menti

461 1284 594 1351 prorsus
616 1264 746 1349 diversa
757 1267 790 1348 a)
819 1268 993 1335 sententiae
1016 1266 1225 1331 conformatio
1249 1266 1488 1350 obversabatur,
1560 1304 1566 1311 ·

415 1386 546 1453 ·.quae
570 1378 637 1434 erat
659 1366 722 1432 icio
743 1368 936 1432 ὁπποσαοῦν
960 1368 1110 1449 ἐπέλθω,Ι
1137 1392 1220 1457 quae
1242 1368 1317 1433 licet
1340 1369 1381 1433 ad
1403 1368 1488 1434 idem

462 1468 529 1533 fare
552 1469 678 1553 rediret,
700 1479 810 1536 tamen
830 1471 965 1537 relativo
988 1470 1088 1537 semel
1112 1472 1215 1557 posito
1239 1472 1338 1537 satius
1365 1478 1433 1536 erat
1454 1472 1488 1535 in

463 1568 606 1656 legitima
630 1574 698 1660 ejus
722 1575 970 1639 constructionis
993 1574 1097 1640 forma
1118 1594 1334 1662 perseverare.

547 1674 612 1739 Sed
633 1674 676 1739 ad
693 1671 874 1741 Hermanni
895 1678 1084 1743 sententiam
1107 1674 1285 1739 redeamus.
1329 1674 1362 1739 Is
1385 1676 1412 1739 si
1436 1696 1489 1761 pe·

463 1776 591 1841 culiaris
610 1779 737 1861 generis
753 1778 937 1865 exemplum
952 1778 1145 1865 Epicureum
1160 1776 1251 1858 illud,
1277 1775 1366 1863 quod
1385 1778 1487 1860 affert,

462 1887 623 1942 τοσοῦτον
658 1878 703 1967 ἐφ’
735 1873 812 1944 ὅσον
843 1880 1015 1968 περιστήσῃ
1035 1954 1039 1961 ,
1060 1902 1130 1945 esse
1168 1889 1274 1967 putat,
1328 1878 1486 1966 equidem,

463 1980 541 2070 quid
556 2004 576 2047 a
591 1984 703 2047 ceteris
719 1982 853 2067 differat,
884 2006 950 2049 non
971 1982 1078 2052 video.
1122 1983 1206 2048 Nam
1229 1980 1374 2046 similiter
1390 1981 1488 2069 expli·

462 2083 599 2149 candum
625 2095 681 2168 est,
718 2097 815 2175 atquc
838 2098 958 2153 cetera:
1001 2096 1159 2175 quatenus
1188 2107 1316 2172 quoquc
1346 2094 1487 2170 temporo

462 2188 657 2270 circumstat,
693 2199 825 2255 eatenus
846 2201 917 2272 etc,
951 2189 1012 2254 nisi
1033 2189 1115 2255 forte
1140 2188 1173 2253 id
1202 2187 1365 2272 singulare
1388 2186 1485 2269 dicas,

462 2289 548 2377 quod
572 2290 823 2357 demonstrativo
849 2292 959 2357 addito
984 2294 1177 2357 constructio
1208 2289 1311 2377 ,plena
1346 2278 1384 2353 a'c
1411 2288 1485 2374 legi·

461 2393 539 2457 tima
561 2391 645 2458 facta
669 2402 730 2476 est;
767 2395 799 2466 in
831 2416 896 2481 qua
920 2393 1200 2459 demonstrativum
1223 2394 1299 2457 satis
1322 2392 1485 2456 definitum

460 2494 596 2561 forsitan
616 2499 732 2561 mirum
754 2495 851 2562 alicui
873 2496 1030 2578 videatur,
1056 2495 1142 2583 quod
1164 2494 1298 2560 relativo
1318 2493 1484 2559 indefinito

461 2596 664 2685 respondeat.
708 2599 753 2663 At
774 2622 809 2663 re
824 2621 901 2664 vera
914 2619 956 2662 nc
971 2596 1256 2663 demonstrativum
1279 2595 1410 2683 quidem
1433 2621 1483 2658 το-

461 2709 581 2765 σοῦτον
602 2703 705 2787 magis
726 2700 891 2768 definitum
905 2711 965 2778 ,est
989 2722 1083 2789 quam
1106 2700 1284 2784 relativum,
1323 2702 1481 2788 quoniam,

461 2802 540 2890 quid
562 2803 680 2887 valeat,
718 2805 852 2870 relativo
872 2804 1040 2870 dumtaxat
1071 2806 1235 2870 enuntiato
1267 2802 1482 2869 adumbratur.

348 2965 355 2972 .
459 2902 619 2994 Exempla
639 2906 726 2993 apud
744 2907 871 2972 Astium
893 2909 927 2971 in
949 2906 1054 2971 lexico
1076 2905 1244 2970 Platonico
1270 2927 1294 2969 s.
1317 2929 1347 2972 v.
1372 2898 1414 2988 ὃς,
1438 2897 1483 2981 ὅς·

459 3034 518 3090 τις,
540 3011 604 3086 οἶος
617 3018 674 3073 etc.
695 3009 796 3076 multa
820 3011 1002 3097 conquisita
1024 3017 1097 3073 sunt
1117 3018 1149 3073 ct
1163 3008 1202 3072 cf.
1214 3009 1397 3094 Bernhardy
1418 3012 1484 3074 wis-

458 3111 679 3200 senschaftiicite
698 3113 814 3200 Syntun
835 3135 867 3199 p.
889 3107 962 3188 399.
1396 3121 1399 3126 ’

542 3213 613 3279 Jam
634 3237 710 3279 vcro
733 3225 830 3302 patet,
854 3214 934 3301 quid
954 3214 994 3279 de
1016 3213 1199 3280 discrimino
1223 3235 1270 3296 eo,
1297 3212 1385 3301 quod
1403 3212 1483 3279 Her-

458 3337 594 3381 mannus
618 3318 736 3398 statuit,
768 3315 910 3404 judicari
930 3316 1054 3382 debeat.
1105 3305 1287 3382 Dicendum
1311 3319 1396 3382 enim
1420 3325 1481 3382 cst:

460 3417 511 3501 „Is
546 3419 615 3505 ipse
650 3420 723 3505 qui“
749 3458 790 3468 -
812 3420 873 3484 hoc
905 3422 991 3484 enim
1024 3419 1133 3484 valere
1168 3420 1244 3485 dicit
1276 3412 1307 3496 ὅς
1335 3442 1362 3484 c.
1388 3419 1481 3506 Oonj.

458 3522 575 3586 omisso
604 3518 645 3585 ἄν
665 3559 707 3568 -
728 3530 783 3586 aut
814 3522 914 3610 plane
945 3521 1034 3588 alind
1063 3543 1133 3588 csse
1168 3545 1264 3611 quam
1298 3524 1482 3609 quicunque

457 3621 595 3710 ideoque
618 3617 650 3699 ὅς
668 3624 765 3690 aliam
788 3647 899 3691 secum
921 3625 1039 3690 habere
1064 3627 1329 3692 constructionem
1353 3622 1483 3704 (indica-

456 3727 583 3809 tivum),
620 3729 740 3814 quippe
763 3740 884 3794 certum
907 3727 1048 3814 aliquem
1071 3738 1169 3816 atque
1190 3736 1301 3792 notum
1320 3729 1481 3815 respicere

456 3830 555 3915 (jener
579 3832 721 3897 balconio
743 3837 824 3911 eben,
852 3831 998 3914 sociabor),
1028 3841 1083 3896 aut
1104 3852 1235 3918 prorsus
1254 3830 1339 3895 idem
1362 3829 1480 3911 valera,

511 4033 547 4107 '*)
582 4041 668 4093 Aliter
690 4044 796 4108 Krttgcr
815 4040 927 4106 Judicat,
952 4053 1032 4104 quum
1057 4037 1121 4090 dicit
1141 4041 1175 4104 (ᾖ.
1193 4041 1235 4104 54,
1258 4042 1297 4103 13,
1321 4039 1357 4105 1):
1398 4035 1432 4092 Io
1451 4055 1480 4092 so

446 4127 514 4197 sero
536 4129 599 4182 uber
621 4130 705 4182 roicire
722 4129 798 4180 Sotae
821 4127 875 4180 sicit
895 4127 965 4179 nicht
989 4124 1043 4194 aas
1059 4125 1225 4180 individualis
1245 4125 1423 4195 Geqenato'nda
1436 4125 1480 4194 ¹irc·

454 4216 547 4280 doben,
576 4219 690 4269 condem
708 4214 825 4280 idiotice
846 4213 892 4265 rica
910 4213 1083 4266 bezeichneten
1100 4209 1151 4266 Art
1169 4212 1297 4281 bosamen,
1330 4211 1428 4273 taisson
1445 4211 1481 4262 ric

453 4303 638 4372 hypotheticae
654 4301 758 4355 relative
775 4299 864 4362 Sotae,
903 4300 986 4352 tndem
1003 4299 1057 4350 tier
1078 4317 1099 4351 z.
1120 4300 1153 4351 B.
1171 4289 1201 4361 ὅς
1219 4303 1281 4354 oder
1297 4289 1328 4360 ὃς
1346 4313 1386 4359 τις
1403 4299 1481 4350 aorici

453 4393 494 4444 atr
511 4388 592 4451 εἴτις
609 4391 643 4442 ist
660 4380 691 4451 ὃς
710 4377 898 4440 dissocietate
918 4381 967 4438 ἐάν
985 4401 1032 4447 τις.
1069 4386 1104 4436 At
1122 4384 1223 4447 dubito,
1253 4401 1316 4437 num
1333 4385 1382 4436 illa
1401 4398 1481 4436 cnun-

452 4476 518 4528 tiatu
537 4481 676 4544 propterea
701 4478 772 4526 recte
799 4471 970 4539 hypothetica
991 4473 1163 4542 appellentur,
1192 4471 1254 4539 quic
1277 4470 1481 4538 pronominato

452 4563 485 4614 iis
501 4577 556 4615 non
573 4562 606 4614 ad
617 4567 711 4629 ,cenas
730 4575 772 4614 res
788 4560 945 4612 referuntur.
