3567 5500
805 794 847 867 tr

311 993 484 1081 ,quopiam
524 987 597 1076 ipsa
631 1008 741 1054 rursus
777 998 833 1055 aut
873 986 1115 1055 substantivum
1151 994 1206 1053 a'ut
1244 986 1340 1069 aliam

313 1105 455 1183 „partem
472 1092 631 1157 'credonis
657 1102 780 1177 regant,
820 1091 1078 1172 substantivo,
1106 1089 1341 1176 quod'parti·

314 1186 438 1283 „cipio
461 1184 709 1276 adsciscitur,
739 1194 803 1259 illi
826 1194 974 1259 nomini
995 1192 1213 1279 proposito,
1240 1192 1341 1257 uude

314 1296 532 1385 „dependet
560 1297 828 1383 participium,
862 1296 1041 1361 efficitur
1062 1294 1338 1381 hyperbaton.“

309 1398 489 1486 Exemplis,
526 1414 609 1486 quae
631 1399 743 1464 Braun
771 1397 933 1489 permulta
954 1398 1047 1463 affert
1069 1399 1103 1463 in
1134 1420 1169 1462 re
1190 1407 1257 1461 tam
1280 1396 1341 1463 fre·

311 1505 423 1592 quenti
443 1503 502 1567 vix
524 1524 605 1590 optus
627 1502 748 1583 est;.in
771 1502 886 1587 quovis
908 1500 1053 1567 Platonis
1076 1499 1157 1566 libro
1179 1521 1246 1565 non
1268 1518 1340 1565 rara

219 1656 224 1660 .
310 1606 471 1671 invenias.
514 1602 620 1669 Causa
637 1625 715 1667 vero
737 1602 833 1689 hujus
856 1602 987 1685 ordinis,
1024 1604 1080 1690 qui
1101 1601 1227 1685 vulgari
1251 1622 1340 1686 regu·

188 1748 192 1755 ·
311 1707 361 1773 lae
392 1706 489 1794 plane
520 1706 698 1770 contrarius
730 1726 800 1770 esse
832 1703 969 1786 videtur,
1009 1728 1076 1770 non
1102 1705 1172 1789 jam
1202 1703 1341 1768 obscura

311 1812 380 1892 erit,
404 1813 431 1873 si
443 1807 492 1873 ,ad
507 1806 639 1891 regulae
659 1807 761 1893 ipsius
781 1807 938 1871 rationem
960 1806 1158 1879 redierimus.
1194 1806 1341 1892 Apparet

312 1913 399 1978 enim
427 1910 586 1998 adjectiva
606 1906 661 1973 vel
684 1909 854 1995 participia
875 1908 1063 1974 attributiva
1085 1908 1158 1974 ideo
1186 1911 1269 1973 inter
1290 1930 1339 1973 ar·

310 2013 444 2081 ticulum
477 2021 508 2077 et
539 2010 773 2078 substantivum
806 2012 897 2098 poni,
938 2012 1032 2098 quia·
1048 2010 1234 2106 attributum
1267 2032 1339 2075 cum

312 2115 512 2183 substantivo
535 2122 602 2179 tarn
623 2123 692 2178 arte
715 2113 874 2197 cohaeret,
910 2123 946 2177 ut
968 2113 1034 2181 fere
1054 2114 1091 2181 in
1112 2129 1210 2179 unam
1238 2116 1339 2181 notio·
1371 2140 1375 2152 ·

209 2254 213 2263 ¹
311 2240 386 2284 nem
407 2240 481 2283 curn
502 2214 560 2281 illo
579 2214 747 2298 coalescat,
777 2237 862 2303 quae
883 2216 955 2302 ipsa
976 2218 1064 2287 notio
1088 2216 1225 2283 articulo
1248 2216 1338 2285 effer·
1460 2256 1462 2261 ,

311 2331 373 2385 tur.
426 2319 542 2405 Itaque
564 2317 666 2383 verba
690 2340 764 2383 eum
784 2320 817 2382 in
841 2318 974 2383 modum
997 2319 1139 2385 ordinari
1154 2319 1339 2408 oportebat,

311 2434 348 2489 ut
368 2419 521 2487 articulus
541 2419 634 2484 etad
656 2419 844 2485 attributum
863 2430 895 2485 et
912 2420 955 2487 ad
975 2422 1209 2489 substantivum
1228 2423 1339 2489 referri

312 2534 429 2613 posset
474 2520 599 2603 Quodsi
625 2522 814 2587 attributum
836 2534 909 2609 post
930 2524 1166 2592 substantivum
1188 2525 1339 2593 collocas-

312 2633 391 2708 sent,
429 2623 664 2698 substantivum
692 2624 823 2710 quidem
846 2627 954 2713 ipsum
975 2650 1035 2714 per
1062 2626 1243 2711 articulum,
1283 2630 1339 2716 qui

314 2727 533 2810 antecedebat,
569 2728 601 2791 vi
624 2725 766 2813 quadam
794 2727 1001 2822 extulissent,
1042 2729 1083 2796 de
1106 2716 1259 2797 attributo
1283 2752 1339 2796 au-

313 2840 379 2895 tem
396 2852 449 2894 res
466 2828 565 2895 dubia
586 2828 709 2894 fuisset
752 2829 869 2918 Itaque
888 2834 1013 2916 graecis
1037 2832 1091 2900 lex
1112 2843 1183 2899 erat
1201 2869 1241 2883 -
1263 2855 1339 2900 uam

311 2931 353 2998 de
375 2932 602 3019 antiquissimis
622 2933 820 3020 temporibus
841 2955 930 2998 nunc
952 2956 1017 3000 non
1042 2957 1103 3021 ago
1122 2973 1176 3018 -,
1210 2944 1247 3002 ut
1268 2938 1340 3004 arti·

311 3033 401 3101 culus
431 3044 486 3100 aut
514 3042 739 3121 repeteretur,·
756 3046 816 3105 aut,
831 3035 991 3103 vocabula
1021 3038 1205 3105 attributive
1235 3041 1339 3126 posita

309 3135 544 3202 substantivum
578 3159 674 3202 suum
701 3137 940 3205 antecederent.
998 3139 1063 3206 Sed
1088 3142 1117 3206 si
1151 3140 1338 3206 attributum

310 3261 376 3304 nou
397 3261 498 3315 unum
518 3249 584 3305 erat
603 3238 797 3306 vocabulum
820 3241 877 3305 sed
899 3243 1195 3328 participiumeum
1214 3241 1339 3332 objecto

309 3342 363 3407 vel
384 3339 554 3424 similibus,
581 3342 652 3429 jam
673 3341 744 3406 fieri
765 3343 878 3428 potuit,
904 3353 940 3408 ut
961 3343 1019 3410 illa
1042 3365 1115 3411 cum
1137 3341 1338 3412 substantivo

310 3443 552 3530 comprehensio
574 3444 751 3510 etiamalio
769 3443 867 3510 modo
890 3445 1140 3531 significaretur3
1164 3471 1237 3514 eum
1256 3448 1338 3531 dico,

310 3556 346 3611 ut
377 3545 612 3612 substantivum
646 3546 817 3613 interduo
850 3547 994 3614 attributi
1023 3551 1166 3616 membra
1197 3550 1340 3618 medium
1461 3591 1467 3604 ·

310 3650 574 3734 interponeretur.
616 3649 701 3714 Nam
724 3652 780 3732 sic,
812 3672 912 3737 quum
933 3651 1086 3718 articulus
1108 3653 1150 3717 ad
1173 3653 1217 3736 id,
1251 3653 1341 3740 quod

310 3749 351 3816 ab
373 3749 526 3816 attributo
548 3752 719 3838 pendebat,
750 3753 911 3839 pertinere
933 3751 1110 3819 indicatum
1132 3764 1225 3838 esset,
1249 3752 1340 3820 dubi-

309 3854 369 3918 tari
393 3876 459 3919 nou
476 3854 546 3939 jam
568 3855 682 3939 potuit,
719 3854 798 3940 quin
819 3853 906 3918 idem
929 3855 1084 3922 articulus
1108 3859 1203 3922 etiam
1225 3856 1269 3922 ad
1291 3859 1339 3946 ip·

310 3962 381 4020 sum
404 3954 593 4020 attributum
616 3966 700 4022 esset
731 3955 928 4023 referendus.
987 3958 1102 4046 Neque
1136 3960 1253 4028 mirum
1281 3969 1340 4042 est,

309 4053 398 4143 quod
419 4059 527 4143 graeci
548 4059 634 4124 hunc
656 4058 803 4125 ordinem
825 4059 1032 4128 adamabant
1075 4061 1159 4128 Nam
1182 4084 1246 4150 quc
1269 4062 1340 4132 bre·

308 4161 404 4224 vicre‘
417 4160 586 4228 intervallo
609 4162 760 4228 articulus
782 4170 815 4227 et
836 4164 1072 4230 substantivum
1094 4165 1339 4248 distinebantur,

309 4283 346 4327 eo
378 4260 534 4328 leviorem
556 4273 588 4329 et
608 4263 811 4330 mobiliorem
843 4269 1113 4332 constructionem
1139 4265 1258 4332 habere
1277 4267 1340 4332 sibi

307 4362 503 4430 videbantur
540 4365 580 4430 cf.
604 4365 714 4432 Braun
742 4365 764 4432 l.
787 4368 818 4432 d.
841 4377 872 4432 et
899 4368 1110 4454 Naepelsbucb
1132 4371 1183 4434 lot.
1206 4368 1339 4436 Stilistik

307 4487 340 4554 p.
353 4462 418 4534 467
436 4489 485 4554 sq.
529 4470 604 4533 Βίου
626 4470 725 4554 igitur
744 4469 826 4535 illud
845 4479 970 4536 tentare
994 4493 1061 4538 non
1081 4469 1199 4540 licebit
1230 4503 1246 4533 v

395 4567 549 4664 Ceterum
569 4581 688 4641 rectam
709 4573 795 4638 viam
810 4573 1002 4641 Turicenses
1023 4595 1089 4642 non
1109 4573 1261 4646 videntia
1271 4575 1340 4668 ini·

1049 4713 1064 4745 Ι
