3567 5500
713 739 846 830 ,103

300 932 471 1015 Orellium,
499 932 610 1019 quiin
632 952 770 998 excursu
793 955 867 998 oum
886 932 961 1017 alia,
987 942 1071 1021 qu'ae
1092 933 1156 1001 hue
1178 923 1335 1021 spectant,

297 1047 369 1103 tum
397 1058 438 1100 ex
456 1032 614 1120 Aeschyli
636 1032 843 1123 Supplioibus
873 1035 967 1101 affert
996 1058 1109 1103 versus
1133 1030 1197 1102 907
1220 1044 1251 1101 et
1272 1031 1336 1105 908

299 1137 363 1222 (ed.
382 1136 522 1218 Herm.):
546 1131 613 1198 τῶν
635 1134 662 1198 δ’
682 1135 844 1223 ἐφήλωται
864 1134 965 1224 τορῶς
988 1131 1111 1224 γόμφος
1132 1137 1275 1223 διαμπὰξ
1296 1136 1336 1214 ὠς

298 1240 397 1325 μένειν
419 1236 596 1326 ἀραρότως,
630 1260 713 1325 quae
735 1238 777 1305 de
796 1238 964 1326 plebiscito
988 1240 1149 1327 dieantur,
1187 1249 1219 1305 et
1238 1239 1333 1305 Pind.

298 1342 393 1429 Pyth.
416 1340 474 1423 IV,
496 1338 536 1407 71
560 1341 608 1416 τίς
628 1340 662 1402 δὲ
684 1342 823 1417 κίνδυνος
844 1355 1007 1427 κρατεροῖς
1029 1340 1260 1427 ἀδάμαντος
1281 1344 1333 1417 δῇ»

299 1436 354 1508 eas
377 1438 474 1520 ἅλοις,
508 1442 542 1506 id
564 1451 620 1526 est,
653 1451 690 1508 ut
711 1442 897 1515 Boeokhius
921 1443 1072 1531 explieat,
1104 1453 1269 1531 tamquam
1292 1466 1333 1510 ex
1430 1506 1432 1510 ,

298 1544 462 1632 chalybe
489 1543 594 1610 faetus
621 1554 681 1609 ete.
719 1544 848 1633 =Atque
867 1544 951 1630 hino,
987 1544 1015 1611 si
1035 1544 1196 1630 alicunde,
1217 1546 1335 1611 'Plato-

298 1650 348 1715 nis
377 1647 430 1712 hie
461 1648 551 1712 loeus
579 1649 649 1733 jam
680 1669 785 1733 paene
819 1648 1006 1734 desperatus
1040 1647 1174 1715 salutem
1205 1648 1332 1735 accipit.

298 1751 449 1841 Fortasse
470 1748 675 1834 igitur'huno
695 1750 728 1813 in
749 1750 880 1823 modum
903 1751 1105 1817 scribendus:
1132 1747 1173 1813 τὸ
1193 1746 1332 1834 Λάχεσιν

299 1854 354 1939 μὲν
383 1848 444 1927 τῆν
477 1848 607 1937 πρώτην
640 1852 731 1929 εἶναι,
764 1848 886 1915 Kle'be
918 1854 952 1916 δὲ
979 1850 1038 1929 τὴν
1070 1852 1230 1941 δευτέραν,
1271 1848 1332 1927 τὴν

290 1950 459 2042 ’Ἄτροπον
489 1954 522 2016 δὲ
550 1954 674 2040 τρίτην,
711 1953 866 2042 σώτειραν
896 1951 943 2040 τῇ
971 1952 1100 2041 σφύρᾳ
1122 1952 1182 2030 τὴν
1210 1950 1329 2040 alpenni-

298 2071 445 2144 στροφον
468 2054 722 2142 ἀπεργαζομένην
743 2053 885 2142 δύναμιν.
937 2057 1046 2145 Atque
1073 2034 1230 2127 indicium
1262 2057 1331 2143 qui-

301 2160 376 2226 dem
397 2180 593 2247 quamquam
617 2158 788 2245 parvulum
810 2183 868 2246 pro
890 2182 943 2225 me
964 2158 1044 2225 illud
1062 2168 1103 2243 τῇ
1124 2158 1240 2223 afferre
1260 2178 1332 2245 pos-

301 2284 388 2346 sum,
414 2263 477 2344 eui,
499 2270 669 2348 postquam
687 2258 798 2347 σφύρᾳ
819 2262 853 2327 in
875 2262 952 2346 πυρὶ
974 2260 1185 2348 depravatum
1206 2268 1262 2344 est,
1285 2254 1332 2344 τῷ

301 2363 471 2429 articulum
492 2384 592 2429 maso.
614 2385 689 2449 gen.
711 2362 955 2430 substituebant.
1014 2410 1017 2415 -

606 2748 634 2812 8.
684 2746 724 2809 lle
745 2696 1023 2852 transpositionibus.

353 2981 406 3046 Ex
417 2983 471 3063 iis,
488 3003 571 3068 quae
586 2981 628 3047 de
641 2980 842 3066 glossematis
856 2978 1101 3066 disputavimus,
1117 2977 1179 3044 hoe
1191 2979 1331 3066 quidem,

302 3086 424 3172 opinor,
440 3083 587 3167 elucebit,
603 3083 730 3168 Legum
736 3081 909 3169 aliquando
920 3080 1020 3156 fuisse
1029 3079 1172 3146 codicem
1182 3080 1332 3168 aliquem,

301 3188 336 3253 in
350 3189 441 3275 eujus
463 3188 609 3271 margine
629 3185 788 3272 permulta
807 3206 869 3248 nee
888 3182 1009 3269 ubique
1029 3180 1134 3248 futilia
1154 3190 1209 3248 aut
1230 3175 1353 3269 prava

301 3289 500 3376 legebantur.
532 3289 637 3355 Erant
650 3310 717 3352 non
730 3296 856 3351 tantum
869 3287 1152 3370 interpretamenta
1173 3293 1332 3371 gramma·
1433 3275 1438 3282 ¹

301 3394 438 3459 tieorum
457 3401 490 3458 et
507 3393 617 3457 variae
639 3389 790 3456 lectiones
805 3410 847 3453 ex
868 3388 940 3452 aliis
960 3388 1185 3474 manuscriptis
1207 3387 1333 3456 desum·

302 3505 386 3583 ptae,
422 3494 479 3563 sed
500 3495 597 3560 etiam
617 3491 847 3580 supplementa·
868 3489 944 3554 alibi
964 3498 1100 3576 reperta.
1146 3490 1238 3572 Quae
1257 3514 1334 3579 quo·

303 3598 399 3664 modo
413 3599 445 3663 in
461 3597 517 3662 illo
534 3597 653 3678 codiee,
681 3594 722 3660 de
739 3615 803 3680 quo
817 3595 953 3679 agimus,
978 3614 1020 3656 ex
1035 3593 1148 3658 ordine
1161 3594 1334 3662 verborum

303 3700 608 3782 anteatexoiderint,
630 3697 673 3764 ad
692 3695 851 3783 liquidum
872 3694 1005 3781 perduoi
1018 3695 1075 3759 vix
1093 3697 1218 3780 poterit.
1261 3696 1336 3762 Ηοο

305 3813 426 3870 certum
447 3811 495 3869 est
512 3800 629 3867 molem
649 3798 840 3864 mendorum
856 3820 899 3862 ex
920 3795 982 3860 hoo
997 3795 1172 3862 adnotandi
1195 3821 1285 3868 more
1304 3801 1338 3864 in

304 3905 516 3992 archetypum
548 3905 710 3989 irrupisse.
767 3900 916 3987 Namque
950 3897 1068 3963 deinde
1105 3898 1145 3964 ab
1179 3901 1234 3982 iis,
1280 3902 1336 3988 qui

298 4007 556 4088 emendationes,
578 4005 741 4086 lectiones,
767 4004 1042 4089 interpretationes
1061 4010 1259 4087 receperunt,
1282 4026 1336 4068 va·

305 4113 352 4176 rio
376 4109 472 4175 mode
495 4115 663 4195 peceatum
682 4116 739 4189 est,
764 4107 832 4170 sive
853 4104 971 4170 iisdem
993 4103 1102 4191 paullo
1125 4105 1254 4170 diversa
1276 4104 1337 4170 for-

306 4237 361 4278 ma
380 4212 431 4278 bis
451 4211 630 4297 descriptis,
667 4210 735 4273 sive
755 4208 1048 4294 interpretamentis
1077 4215 1241 4292 tamquam
1264 4229 1338 4294 sup·
1367 4222 1372 4230 '

228 4297 232 4305 ⁴
307 4316 480 4403 plamantis
505 4312 589 4378 laeto
612 4312 719 4377 animo
743 4312 777 4374 in
798 4308 944 4374 ordinem
976 4309 1143 4396 impositis.
1203 4306 1270 4372 Sed
1292 4330 1340 4374 re·

308 4427 371 4484 stat
390 4416 454 4482 alia
473 4417 582 4503 pestis,
603 4434 686 4501 quae
700 4435 741 4478 ex
757 4411 917 4500 ejusmodi
938 4410 1057 4477 codicis
1080 4407 1267 4474 condicione
1286 4409 1338 4474 vel

231 4551 236 4556 ·
309 4519 372 4586 illis
415 4517 542 4586 facilius
578 4523 705 4604 poterat
747 4518 889 4600 irruere,
942 4513 1224 4602 transpositionem
1266 4510 1338 4576 dion
