3567 5500
968 790 1011 867 82

473 992 592 1081 posita3
631 989 746 1079 quodsi
766 991 837 1077 ipsa
856 991 997 1074 genuina
1017 998 1048 1053 et
1069 1010 1148 1053 sana
1169 997 1285 1071 essent,
1319 987 1432 1055 saitem
1455 1010 1503 1057 re·
1546 1046 1549 1051 .

475 1093 628 1182 ponenda
649 1103 755 1159 essent
776 1102 850 1158 ante
874 1087 892 1166 ἦ
913 1102 979 1167 πῶς
1000 1091 1103 1175 λέγεις.
1146 1090 1249 1175 Ναιιοι
1258 1098 1374 1173 autem,
1404 1114 1503 1178 quum

470 1198 540 1283 jam
570 1205 688 1283 pateat,
725 1191 762 1259 in
782 1195 926 1280 margine
949 1193 1111 1280 quondam
1126 1192 1187 1257 ⁴illa
1211 1192 1308 1257 fuisse
1332 1193 1501 1279 adscripta,

475 1307 582 1385 atque,
617 1307 654 1361 ut
670 1305 756 1362 recte
777 1297 901 1361 monuit
920 1296 1136 1376 Hermannus,
1171 1294 1378 1359 Atheniensis
1400 1296 1434 1359 in
1455 1318 1502 1360 rc·

476 1401 650 1485 sponsione
684 1398 765 1463 nibil
796 1408 881 1483 agat,
917 1398 978 1461 nisi
1009 1406 1044 1461 ut
1068 1398 1287 1484 quaestionem
1311 1396 1433 1463 Cliniae
1462 1397 1502 1461 de

476 1500 651 1586 eligarcbia
670 1502 819 1585 corrigat,
849 1499 931 1563 haec
954 1498 1055 1564 verba
1077 1521 1150 1564 cum
1174 1499 1360 1563 Hermanno
1384 1509 1416 1564 et
1438 1499 1516 1563 Tu:

473 1601 650 1667 ricensibus
673 1600 801 1667 Platoni
833 1600 1047 1687 abjudicanda
1069 1612 1154 1666 sunt.
1207 1600 1267 1665 Est
1301 1600 1501 1686 supplemen-

475 1711 543 1767 tum
571 1703 710 1789 quidem,
744 1702 801 1767 sed
832 1702 929 1788 plane
957 1683 1093 1769 otiosuni
1116 1712 1148 1767 et
1169 1701 1292 1785 inutile,
1329 1702 1417 1789 quod
1446 1704 1502 1789 qui

474 1804 730 1890 adjecit‘nescio
754 1827 797 1868 an
818 1806 995 1890 respexerit
1008 1801 1057 1868 'ad
1080 1826 1153 1890 pag.
1171 1800 1263 1870 714Α
1286 1807 1311 1867 εἰ
1331 1802 1361 1867 δ’
1381 1800 1502 1890 asapa-

475 1930 537 1981 πος
559 1906 602 1981 εἷς
622 1900 640 1981 ἢ
664 1905 829 1992 ὀλιγαρχία
852 1933 900 1983 τις
922 1900 940 1981 ἢ
962 1908 1016 1968 καὶ
1039 1908 1234 1990 δημοκρατία
1252 1910 1327 1970 κτλ.

559 2007 669 2073 Abeo
691 2018 798 2074 autem
820 2031 948 2093 genere,
986 2004 1072 2095 quod
1100 2008 1196 2073 modo
1218 2008 1500 2090 consideravimus,

475 2110 703 2200 diversumest
716 2111 815 2193 aliud,
844 2110 932 2198 quod
947 2134 1013 2177 non
1034 2110 1305 2197 interpolandi
1327 2111 1395 2175 sed
1409 2134 1501 2175 com·

474 2213 674 2278 mentandi
701 2213 806 2305 studio
826 2212 1029 2285 inserviebat.
1074 2213 1158 2279 Sunt
1191 2215 1276 2277 enim
1311 2212 1501 2300 plerumque

474 2314 624 2379 breviora
644 2315 783 2400 quidem,
806 2337 867 2379 nec
886 2325 993 2380 tamen
1015 2316 1120 2380 minus
1142 2325 1253 2401 aperta
1274 2313 1500 2398 additamenta,

475 2438 611 2502 quorum
645 2438 720 2503 pars
768 2416 970 2500 grammatici
1005 2416 1141 2481 hominis
1177 2418 1342 2500 ingenium
1379 2416 1501 2481 redolet

474 2517 640 2591 Platonem
674 2517 862 2583 illustrantis
895 2528 926 2582 et
958 2520 1215 2604 interpretantis,
1255 2541 1328 2604 pars
1362 2512 1500 2583 hominis

474 2621 575 2685 critici
595 2642 666 2685 esse
685 2619 844 2700 videntur,
867 2622 924 2706 qui
946 2622 1052 2685 varias
1072 2620 1224 2685 lectiones
1247 2622 1281 2685 in
1303 2621 1447 2704 margine
1467 2619 1498 2683 li-

473 2719 523 2786 bri
544 2720 720 2787 adnotavit.
761 2722 830 2788 Nec
851 2721 1080 2790 divinabautur
1102 2721 1245 2809 profecto
1267 2722 1346 2788 boni
1377 2721 1425 2787 illi
1446 2722 1498 2787 ho·

474 2825 588 2906 mines,
625 2827 870 2914 commentarios
898 2847 972 2891 suos
994 2848 1070 2890 mox
1095 2849 1114 2890 a
1137 2825 1275 2891 librariis
1297 2826 1381 2890 inter
1401 2824 1501 2889 verba

421 2944 427 2954 ·
473 2926 633 3011 scriptoris
659 2935 824 3013 receptum
847 2928 886 2990 iri
908 2950 966 3013 per
989 2928 1116 2993 saecula
1139 2928 1298 3007 duratura,
1336 2936 1378 2990 ut
1398 2935 1501 3012 poste·

473 3027 611 3094 rioribus
645 3027 871 3115 interpretibus
908 3028 1025 3094 multas
1059 3029 1232 3116 aliquando
1268 3051 1360 3116 curas
1401 3028 1499 3092 mole·

472 3132 613 3218 stiasque
635 3140 795 3218 pararent.

536 3233 837 3319 Explicatioues
849 3243 957 3299 autem
972 3235 1032 3300 hae
1042 3235 1111 3321 jam
1126 3234 1167 3300 ab
1182 3231 1365 3298 hominibus
1381 3233 1499 3296 criticis

471 3337 680 3418 investigatae
716 3344 805 3399 sunt:
847 3335 991 3400 Primum
1027 3333 1279 3400 ἐνθεαστικόν
1312 3333 1498 3420 illud‘pag.
1585 3327 1587 3332 ¹

355 3428 361 3438 ¹
471 3423 576 3518 682Α,
613 3436 702 3522 quod
727 3436 834 3502 verbis
849 3435 944 3500 θεῶν
965 3435 1039 3524 γαρ,
1054 3433 1110 3502 οὖν
1134 3435 1170 3512 δὴ
1193 3441 1247 3500 καὶ
1270 3433 1310 3499 τὸ
1334 3433 1499 3510 ποιητικὸν

471 3531 508 3602 ὂν
540 3537 626 3621 γένος
657 3537 762 3603 aliena
795 3561 891 3604 manu
926 3541 1078 3605 insertum
1114 3561 1194 3621 esse,
1237 3548 1309 3625 post
1343 3561 1382 3603 ea
1415 3559 1498 3624 quae

468 3639 614 3719 Boeckh.
635 3637 713 3706 Min.
735 3637 798 3706 163
819 3664 890 3728 sqq.
914 3641 1006 3707 docte
1029 3633 1209 3729 disputivit,
1241 3664 1305 3706 non
1322 3641 1392 3726 jam
1412 3662 1498 3704 nova

470 3745 748 3828 argumentatione
764 3752 845 3828 eget.
891 3743 1103 3810 Accutissime
1117 3746 1202 3809 enirn
1213 3745 1267 3822 ¹vir
1280 3741 1497 3808 nobilissimus

468 3845 530 3910 hoc
550 3845 742 3910 vocabulum
764 3847 1033 3932 interpretationis
1058 3869 1155 3912 causa
1181 3845 1223 3910 ad
1240 3849 1331 3908 Sator
1354 3842 1498 3912 additum

468 3964 552 4012 esse'
565 3947 805 4029 demonstravit,
842 3949 963 4034 quippe
984 3949 1071 4034 quod
1093 3949 1186 4014 novis
1207 3947 1337 4035 quidem
1358 3945 1497 4012 Platoni-

468 4052 514 4114 cis
535 4050 733 4113 tritissimum
757 4059 852 4130 esset,
890 4048 1016 4114 Platoni
1039 4060 1145 4115 autem
1177 4051 1332 4135 ignotum.
1389 4047 1497 4133 Atque
1569 4108 1573 4116 ,
1640 4033 1641 4108 ?

466 4152 494 4215 si
512 4149 741 4216 Schneiderum
763 4153 915 4238 excipias,
952 4175 1074 4234 omnes,
1109 4153 1196 4239 quod
1218 4153 1326 4233 sciam,
1358 4150 1496 4222 editores

464 4251 666 4318 Boeckhium
687 4246 798 4318 'secuti
830 4263 912 4320 sunt.
970 4253 1066 4334 Quod
1086 4263 1192 4322 autem
1215 4253 1359 4335 Proclus,
1398 4273 1495 4338 quum

466 4366 580 4442 quater
598 4355 698 4420 verba
712 4355 855 4421 Platonis
875 4357 998 4439 afferat,
1023 4357 1123 4423 semel
1145 4364 1268 4421 tantum
1291 4351 1497 4420 ἐνθεαστικὸν
1640 4425 1641 4430 1

463 4461 512 4539 (in
533 4456 622 4543 polit.
648 4480 679 4543 p.
702 4452 790 4539 401.)
819 4448 988 4525 unacum
1013 4462 1127 4525 ceteris
1158 4458 1264 4524 verbis
1296 4458 1411 4542 attulit,
1448 4467 1498 4522 ter
1640 4443 1641 4498 l

420 4605 423 4611 ·
464 4558 562 4646 plane
594 4559 747 4646 neglexit,
788 4564 935 4649 speciose
967 4560 1022 4627 ille
1054 4561 1185 4648 quidem
1217 4561 1258 4626 ab
1287 4563 1362 4648 ipsu
1377 4558 1496 4626 Proclo
