3567 5500
789 745 832 818 33

294 936 428 1021 dignum
451 946 513 1017 est;
547 935 580 1000 id
593 935 692 1022 'quod
714 960 755 1002 ex
784 939 907 1022 origine
929 947 960 1003 et
983 947 1099 1004 natura
1121 936 1249 1003 illorum
1271 959 1324 1022 co·

294 1040 399 1105 dicum
428 1038 575 1120 elucebit,
613 1060 711 1127 quam
736 1039 890 1126 deinceps
921 1040 1203 1106 considerabimus.
1258 1039 1323 1106 Sed

294 1142 347 1209 vel
368 1142 505 1223 tertium,
527 1151 564 1204 ut
581 1140 771 1233 videbimus,
796 1142 887 1207 adest
906 1143 1084 1208 subsidium
1105 1143 1203 1230 idque
1221 1163 1323 1229 prope

294 1242 599 1309 extraordinarium:
647 1243 844 1328 marginales
872 1245 1107 1327 adnotationes,
1144 1267 1324 1333 quaecum

193 1354 197 1359 '
293 1349 327 1410 in
350 1347 463 1411 ceteris
486 1354 554 1410 tum
576 1347 609 1409 in
629 1345 918 1412 codice-Vaticano
941 1356 1068 1412 exstant
1089 1347 1277 1412 uberrimae.

379 1449 501 1514 Verum
523 1448 573 1512 his
604 1447 764 1541 subsidiis,
803 1458 838 1511 ut
865 1445 925 1534 prb
949 1471 1006 1514 suo
1029 1472 1156 1537 quoque
1179 1449 1322 1536 pondere

295 1561 326 1616 et
346 1553 532 1616 auctoritate
553 1558 691 1632 utamur,
728 1548 769 1615 ad
794 1552 1014 1636 quaestionem
1043 1551 1245 1617 redeundum
1267 1562 1324 1635 est,

295 1676 393 1740 quam
412 1651 522 1739 paullo
544 1661 619 1716 ante
639 1650 875 1738 dereliquimus,
910 1663 942 1719 et
962 1653 1194 1736 disserendum,
1228 1676 1323 1740 quae-

294 1778 368 1820 nam
393 1755 474 1818 inter
489 1753 639 1835 codices,
676 1777 812 1840 quorum
834 1777 895 1838 ope
923 1757 1062 1837 nitimur,
1101 1756 1324 1842 propinquitas

294 1855 479 1922 intercedat.

294 2029 305 2040 ,
381 1959 487 2040 Quum
508 1961 595 2024 enim
608 1961 755 2046 'primum
776 1959 921 2024 codicem
943 1959 1122 2024 Parisinum
1146 1969 1323 2024 ceterorum

294 2062 416 2127 fontem
435 2085 501 2126 non
522 2085 603 2145 esse,
632 2063 690 2126 sed
708 2060 835 2126 illorum
855 2060 992 2125 solutam
1014 2070 1046 2125 et
1066 2059 1262 2154 peculiarem
1281 2083 1323 2125 ex

294 2165 430 2230 adverso
453 2174 537 2230 stare
558 2164 710 2246 classem,
746 2162 865 2228 deiude
887 2171 996 2228 autem
1017 2163 1156 2228 eundem
1176 2163 1324 2229 codicem

294 2267 475 2334 Parisinum
497 2290 539 2331 ex
563 2277 653 2354 parte
676 2265 807 2353 quidem
828 2266 984 2332 Vaticano
1008 2269 1084 2332 satis
1106 2268 1322 2354 propinquum

296 2394 374 2461 esse,
413 2371 537 2456 experti
570 2371 681 2452 simus,
720 2391 788 2433 rem
820 2369 906 2433 hunc
940 2370 975 2433 in
1008 2368 1141 2433 modum
1171 2369 1323 2456 expedire

296 2497 389 2561 posse
416 2471 510 2538 nobis
533 2472 688 2537 videmur.
743 2471 811 2536 Nisi
835 2471 1026 2554 enimcum,
1064 2472 1120 2558 qui
1142 2471 1324 2554 Parisinum

296 2578 450 2664 exaravit,
486 2573 549 2639 alio
572 2574 788 2660 in-prioribus
812 2573 874 2638 alio
904 2575 937 2637 iu
961 2573 1095 2660 reliquis
1120 2573 1209 2640 libris
1233 2596 1325 2639 usum

297 2701 367 2744 esse
387 2677 500 2744 codice
522 2699 640 2759 sumas,
679 2677 770 2763 cujus
793 2677 840 2740 rei
862 2675 985 2740 nullum
1010 2696 1146 2764 usquam
1170 2674 1325 2739 indicium

299 2779 339 2844 ab
362 2783 410 2861 iis,
443 2782 498 2867 qui
522 2803 596 2845 eum
617 2782 837 2865 inspexerunt,
870 2788 1026 2865 quantum
1049 2779 1152 2861 video,
1182 2777 1326 2843 animad-

299 2891 428 2947 versum
446 2893 501 2966 est,
523 2905 622 2947 unum
642 2891 749 2962 restat,
770 2882 907 2947 Parisini
931 2903 1134 2945 communem
1156 2904 1227 2947 cum
1238 2881 1328 2947 Vatil

297 3006 377 3050 cauo
398 2985 518 3051 fontem
540 3007 610 3051 esse
632 2985 784 3067 (nomina,
809 2986 862 3067 sis,
886 2988 958 3066 ΑΩ)
980 3006 1117 3071 eumque
1136 3008 1177 3049 ex
1198 2983 1324 3050 duobus

297 3090 405 3153 nescio
429 3089 544 3174 quibus
566 3087 732 3153 codicibus
757 3096 870 3166 ortum,
895 3085 980 3151 beno
1006 3096 1036 3151 et
1050 3086 1209 3151 Vossiano
1233 3108 1323 3173 prae·

299 3192 416 3253 stantia
445 3190 579 3254 finitimo
609 3191 643 3253 in
674 3190 835 3277 prioribus
867 3188 965 3269 libris,
1009 3188 1158 3254 deteriori
1189 3200 1219 3254 et
1244 3190 1325 3255 mul-

299 3291 340 3353 tis
365 3290 444 3354 locis
477 3290 639 3357 decurtato
666 3291 853 3385 apographo
891 3294 925 3355 in
953 3289 1053 3355 altera
1085 3292 1189 3377 operis
1223 3303 1324 3377 parte.

300 3391 406 3473 Quam
428 3395 618 3459 senteutiam
638 3396 808 3482 quominus
824 3392 942 3480 aliquis
966 3395 1072 3459 statim
1094 3395 1235 3480 arripiat,
1258 3417 1325 3461 non

298 3519 369 3561 sum
389 3498 528 3581 ignarus,
554 3496 618 3562 hoc
636 3498 836 3583 potissimum
855 3497 1085 3582 impedimento
1119 3518 1190 3561 esse
1211 3496 1324 3580 videri,

298 3600 374 3685 quia
398 3599 426 3663 si
446 3608 495 3665 tot
516 3601 733 3685 negligentiae
754 3603 787 3664 in
811 3594 923 3665 codiee
945 3597 1100 3663 Vaticano
1126 3601 1324 3667 occurrentia

297 3701 430 3785 vestigia
452 3724 493 3765 ex
521 3710 612 3789 parte
634 3704 763 3789 quidem
785 3726 852 3768 nou
880 3702 942 3788 ipsi
966 3699 1077 3765 deberi
1100 3700 1156 3765 sed
1183 3702 1253 3787 jam
1275 3722 1326 3765 co·

298 3802 364 3867 dici
396 3802 443 3867 illi
465 3807 635 3891 antiquiori
656 3811 741 3886 (ΑΩ)
763 3807 920 3892 impressa
946 3802 1048 3869 luisse
1077 3811 1326 3867 consentaneum

299 3905 347 3987 sit,
384 3905 480 3993 plan‘e
507 3907 643 3992 intelligi
673 3917 820 3995 nequeat,
857 3929 914 3972 cur
941 3930 1006 3972 non
1031 3907 1126 3971 etiam
1159 3907 1193 3969 in
1219 3908 1327 3994 priore

298 4016 390 4093 parte
413 4031 498 4095 quae
520 4011 708 4097 saepissime
730 4014 765 4074 in
775 4010 931 4095 Vaticano
953 4011 1156 4076 inveniantur
1178 4000 1326 4094 lacunae,

299 4109 341 4174 ad
365 4111 509 4197 ejusdem
536 4114 717 4179 vetustioris
746 4114 927 4199 apographi
948 4113 1180 4198 negligentiam
1203 4122 1234 4177 et
1256 4134 1327 4200 pra-

298 4212 430 4277 vitatem
451 4215 641 4281 referantur.
683 4214 830 4299 Athaco
858 4215 940 4280 nihil
963 4214 1114 4280 officiunt.
1159 4214 1242 4281 Nam
1265 4215 1329 4280 Va·

297 4316 396 4379 ticani
418 4316 591 4401 librarium,
628 4327 854 4405 praeterquam
878 4318 966 4404 quod
986 4327 1052 4381 tam
1074 4317 1176 4381 multa
1200 4317 1329 4400 menda,

297 4417 384 4482 unde
406 4441 501 4485 suum
522 4420 668 4485 codicem
691 4420 870 4507 descripsit,
892 4421 1010 4485 invitus
1034 4421 1165 4506 recepit,
1195 4441 1254 4483 sua
1274 4438 1330 4483 ne·

298 4518 454 4605 gligentia
476 4546 543 4589 non
557 4522 718 4591 destitisse
736 4544 832 4611 supra
851 4524 928 4591 satis
942 4520 1051 4588 multis
1072 4520 1228 4610 exemplis
1247 4542 1332 4589 com-

1108 4647 1125 4699 3
