3567 5500
920 713 923 719 ’
945 733 988 804 34

454 925 671 1012 probavimus.
715 921 822 1009 Atque
845 924 880 990 in
901 947 938 991 eo
963 925 1033 1012 ipso
1058 925 1174 992 clarius
1204 926 1402 1012 praestantia
1421 925 1480 992 P'a·

452 1029 542 1093 risini
567 1026 685 1094 codicis
709 1024 822 1108 elucet,
860 1027 948 1115 quod
973 1030 1041 1114 ejus
1063 1027 1213 1092 librarius
1236 1027 1349 1092 sedulo
1374 1036 1405 1091 et
1428 1048 1480 1092 ac·

454 1139 562 1196 curate
583 1130 720 1213 vestigia
741 1126 828 1192 illius
850 1129 964 1196 saltem
986 1130 1105 1194 codicis
1127 1139 1254 1195 secutus
1273 1139 1331 1195 est.
1384 1128 1482 1209 Quod

417 1305 428 1332 l
454 1241 561 1298 autem
584 1232 788 1313 Vossianum,
826 1234 950 1297 etiamsi
974 1254 1015 1297 ex
1046 1231 1109 1298 alio
1140 1231 1227 1297 fonte
1257 1231 1419 1298 derivatus
1441 1231 1482 1294 sit

454 1344 551 1422 atque
572 1334 748 1415 Parisinus,
783 1333 884 1399 nihilo
906 1337 1005 1399 setius
1033 1336 1070 1399 in
1096 1342 1145 1400 ¹tot
1177 1333 1375 1416 lectionibus,
1413 1333 1481 1397 sive

454 1437 651 1522 gravissimis
684 1437 752 1501 sive
782 1437 1004 1501 minutissimis
1034 1459 1108 1501 cum
1141 1436 1196 1501 illo
1231 1437 1481 1502 consentientem

454 1528 613 1619 videmus,
646 1559 742 1623 porro
765 1537 852 1623 quod
882 1561 993 1603 omnes
1021 1537 1092 1604 illas
1111 1538 1244 1605 lacunas
1266 1541 1300 1603 in
1321 1537 1480 1604 Vossiano

454 1663 583 1728 quoque
605 1642 709 1704 inesse
728 1629 808 1703 veri'
828 1639 982 1705 dissimile
1004 1649 1059 1722 est,
1092 1641 1169 1707 inde
1198 1641 1355 1728 triplicem
1377 1639 1481 1723 cogni-

456 1743 576 1807 tionem
598 1741 777 1807 haurimus:
884 1813 889 1822 ⁸
1292 1759 1297 1770 ·

540 1845 685 1908 Primum
708 1854 889 1931 separatam
915 1855 1085 1933 utramque
1106 1845 1307 1911 statuendam
1335 1866 1408 1909 esse
1438 1843 1482 1908 fa·

350 1937 359 1956 ,
456 1947 580 2012 miliam
598 1969 697 2011 unam
708 1947 845 2012 Parisini
862 1953 947 2040 (oum
959 1948 1057 2031 Vct),
1081 1947 1232 2014 Vossiani
1252 1946 1396 2014 alteram.
1483 2017 1487 2024 ,

539 2049 626 2114 Dein
657 2050 812 2134 optimum
841 2051 984 2115 omnium
1017 2072 1097 2116 esse·
1114 2050 1310 2116 Vossianum
1343 2059 1378 2113 ut
1408 2058 1483 2136 pote

454 2153 668 2240 praestantiae
684 2150 814 2216 alterius
835 2151 978 2217 familiae
999 2155 1196 2240 participem,
1220 2152 1410 2218 lacunarum
1430 2174 1482 2217 ex·

455 2265 586 2342 pertem.

541 2356 649 2422 Tertio
672 2354 818 2421 lucanosi
850 2357 978 2442 generis
1005 2358 1183 2444 principem
1212 2380 1282 2423 esse
1302 2359 1482 2426 Parisinum

456 2462 497 2542 A,
506 2515 517 2546 ‚-
534 2461 653 2546 quippe
678 2459 733 2544 qui
762 2459 798 2522 in
829 2456 991 2545 plerisque
1020 2481 1093 2525 cum
1116 2460 1275 2526 Vossiano
1307 2465 1484 2528 consentiat

457 2586 495 2628 ac
525 2570 682 2629 vetustate
712 2568 751 2641 et,
791 2561 818 2625 si
841 2559 975 2626 lacunas
1001 2584 1067 2627 non
1100 2564 1264 2649 respicias,
1302 2566 1483 2650 integritate

339 2674 343 2686 '
450 2669 547 2755 juxta
560 2661 706 2729 excellat
720 2661 878 2742 -·Quae
900 2663 927 2727 si
947 2665 992 2728 ita
1014 2674 1098 2748 sunt,
1121 2667 1177 2753 qui
1200 2667 1361 2754 scriptoris
1385 2689 1481 2757 quam

456 2768 695 2834 accuratissime
728 2765 828 2831 verba
862 2768 1042 2832 instaurare
1078 2771 1232 2849 nituntur,
1277 2770 1317 2833 iis
1355 2770 1483 2835 nullum

455 2870 614 2935 Vossiano
643 2868 766 2932 firmius
790 2868 917 2933 adesset
937 2868 1189 2954 fundamentum,
1223 2873 1251 2936 si
1273 2873 1385 2958 copiae
1407 2866 1491 2937 inde¹

455 2972 619 3038 uberiores
647 2992 745 3056 quam
765 2969 951 3035 Ruhnkenii
974 2982 1124 3059 excerpta
1147 2974 1181 3037 in
1213 2973 1378 3059 publicum
1411 2997 1481 3061 pro·

456 3075 597 3147 diissent.
650 3072 744 3138 Nunc
760 3095 844 3138 *vero
866 3074 901 3136 in
922 3073 1022 3139 altero
1056 3096 1176 3161 genere
1210 3077 1503 3163 acquiescendum·

455 3186 513 3260 est,
539 3179 714 3265 cujusquo
737 3177 839 3263 major
859 3185 908 3240 est
926 3177 1075 3261 varietas,
1105 3200 1142 3242 eo
1166 3177 1349 3263 diligentius
1371 3181 1414 3245 ad
1428 3173 1498 3245 an?

454 3283 578 3367 tiquum
600 3278 948 3364 ubieunque.codicem
972 3278 1063 3343 illum
1086 3284 1171 3365 (ΑΩ)
1196 3282 1230 3345 in
1254 3283 1361 3347 critico
1386 3304 1481 3369 opere

454 3381 657 3449 redeundum
692 3388 740 3443 est
768 3389 800 3444 et
829 3382 1160 3469 circumspiciendum,
1200 3406 1264 3470 qua
1295 3386 1420 3450 ratione
1446 3387 1481 3451 in

454 3484 617 3551 hodiernis
649 3482 787 3567 Legum.
817 3484 1015 3549 editionibus
1047 3487 1235 3573 interpretes
1274 3484 1359 3551 illius
1387 3488 1482 3552 vesti·

454 3591 509 3674 gia
530 3592 713 3674 sequantur.
748 3586 857 3673 Atque
877 3585 974 3671 illico,
998 3587 1172 3653 dummodo
1192 3590 1226 3653 in
1248 3588 1396 3654 omnibus
1417 3612 1481 3655 me-

409 3752 413 3761 .
453 3691 641 3757 minerimus
660 3688 792 3753 lacunas
822 3687 894 3754 illas
919 3689 1064 3777 expletas
1098 3690 1219 3774 haberi,
1252 3714 1311 3778 per
1339 3692 1440 3759 multa
1460 3716 1481 3758 a

453 3792 616 3860 codicibus
645 3789 707 3857 illis
745 3790 852 3856 aliena
886 3790 1027 3859 admissa
1064 3816 1133 3860 esse
1167 3794 1343 3881 apparebit.
1414 3794 1480 3861 Sed

452 3898 539 3962 unde
560 3896 641 3961 haec
664 3894 886 3982 supplementa
907 3906 1122 3983 sumpserunt,
1160 3903 1192 3961 et
1215 3920 1278 3984 quo
1297 3899 1379 3984 jure
1394 3920 1479 3965 rece·

451 3997 642 4086 perunti-
663 3998 718 4062 Ex
739 3996 948 4062 deterioribus
970 3997 1063 4064 codd.
1085 4000 1199 4064 hausta
1219 4009 1304 4083 sunt,
1327 4001 1479 4090 equibus

450 4100 581 4187 vrrlgata
602 4099 710 4182 fluxit,
742 4122 818 4163 nam
838 4109 1052 4166 correctorum
1075 4101 1268 4189 conjecturis
1287 4103 1342 4168 vel
1363 4105 1480 4191 primo·

448 4226 519 4269 rum
538 4197 683 4269 Platonis
710 4202 869 4267 editorum
890 4202 970 4268 haec
994 4205 1102 4269 omnia
1123 4204 1243 4287 deberi,
1281 4206 1307 4271 si
1330 4214 1479 4272 naturam

447 4305 575 4372 illorum
603 4303 899 4391 supplementorum
930 4307 1093 4392 respicias,
1129 4330 1260 4394 prorsus
1291 4309 1478 4375 incredibile

430 4418 502 4481 ‚est
549 4407 615 4475 Sed
645 4407 803 4472 accedunt
831 4408 979 4493 graviora
1009 4408 1212 4493 documenta.
1256 4411 1477 4479 Indicavimus

409 4580 412 4588 ,
443 4534 543 4599 supra
569 4511 603 4577 in
635 4508 728 4576 codd.
753 4512 785 4575 A
808 4520 839 4577 et
860 4514 891 4574 Ω
915 4517 959 4593 (et
988 4522 1155 4601 praeterea
1181 4514 1276 4581 etiam
1298 4520 1327 4597 τ)
1361 4515 1473 4587 deesse
1510 4584 1518 4598 ‚
