3567 5500
984 787 1027 859 30

492 977 623 1042 omnino
644 985 791 1065 expertes
814 999 884 1044 esse
907 987 1047 1045 statuere
1076 979 1212 1063 mavult,
1244 982 1346 1046 omitti
1375 1001 1442 1046 non
1465 981 1518 1050 de·

491 1077 618 1144 bebant.
677 1080 754 1145 Alia
777 1083 811 1145 in
835 1083 948 1172 ceteris
972 1082 1134 1148 adduntur
1158 1083 1288 1170 quidem
1325 1092 1517 1149 nontamen

490 1185 672 1248 necessaria
695 1182 747 1248 vel
768 1183 926 1272 probalia.
984 1185 1092 1271 Atque
1113 1196 1271 1272 quantum
1294 1187 1329 1250 in
1351 1187 1517 1273 utriusque

490 1285 616 1370 generis
635 1284 826 1351 lectionibus
850 1287 1048 1352 auctoritatis
1072 1288 1159 1368 insit,
1191 1297 1303 1374 postea
1326 1287 1516 1374 dijudicabi-

490 1396 550 1451 tur.
603 1387 709 1469 Nunc,
748 1411 849 1476 quum
877 1388 918 1454 de
947 1390 1094 1454 Parisino
1123 1399 1154 1454 et
1174 1389 1334 1457 Vaticano
1367 1412 1514 1476 agamus,

412 1529 418 1539 ·
491 1513 575 1578 quae
596 1491 638 1556 ab
658 1500 794 1579 utroque
812 1491 967 1556 mendose
989 1491 1120 1573 absunt,
1154 1515 1387 1558 recenseamus.

509 1593 552 1658 Π.
574 1589 627 1675 84,
652 1588 694 1660 12
723 1593 779 1658 ubi
808 1595 842 1659 in
873 1593 1066 1659 editionibus
1095 1617 1182 1659 nune
1212 1595 1329 1681 legitur
1357 1594 1374 1656 ὁ
1398 1594 1431 1657 δὲ
1462 1594 1514 1658 ei·

453 1737 456 1743 -
573 1721 649 1760 εισιν
673 1690 774 1759 ὅπλα
796 1703 903 1780 ἔχων·
943 1701 1023 1780 ψιλῷ
1045 1696 1077 1758 δέ
1100 1692 1190 1762 ἆθλα
1213 1695 1250 1760 ori
1272 1695 1414 1783 θήσομεν
1435 1693 1514 1780 ιῖγω-

575 1808 676 1883 νιστῇ,
713 1804 742 1862 Α
764 1804 795 1861 Ω
819 1799 968 1864 omittunt
989 1792 1078 1862 ὅπλα
1099 1806 1186 1882 ἔχων.

387 1917 389 1922 ’
508 1898 645 1984 Π.166,
668 1897 719 1967 13.
750 1897 793 1964 ὧν
819 1893 860 1964 oia
881 1899 1028 1978 θάνατος
1051 1903 1082 1964 ἐν
1105 1911 1152 1985 τῷ
1171 1899 1254 1988 νόμῳ
1277 1901 1367 1986 ζημία
1392 1897 1514 1987 διαρρή-

573 2005 630 2078 δην
651 1999 670 2088 ᾖ
692 2003 835 2088 κειμένη
863 1996 882 2078 ἢ
912 2005 975 2065 καὶ
1007 2006 1043 2067 ἐν
1071 2003 1218 2090 ἀειφυγίᾳ
1248 2029 1296 2080 τις
1325 2000 1422 2091 φεύγῃ
1450 2013 1515 2066 τιῖν

457 2101 462 2112 ’
573 2101 692 2192 ἀνδρῶν
706 2102 820 2182 ἄπαιςι
844 2105 960 2171 desunt
976 2105 1075 2170 verba
1095 2100 1112 2191 ᾖ
1131 2105 1246 2191 κειμένη
1269 2098 1353 2182 rixari
1374 2109 1406 2170 ἐν
1414 2105 1464 2186 (F)
1472 2106 1513 2190 fi).

508 2205 551 2271 ΙΙ.
574 2203 648 2290 214,
668 2203 720 2277 20.
743 2206 803 2272 τὸν
827 2209 860 2270 δὲ
883 2205 960 2270 θεὸν
982 2202 1065 2270 ὄντα
1088 2233 1123 2270 τε
1147 2206 1346 2295 σοφώτατον
1367 2205 1525 2292 βουλόμε-,

508 2346 512 2354 ¹
571 2309 627 2375 νόν
646 2336 688 2374 τε
704 2313 972 2395 ἐπιμελεῖσθαι
986 2311 1049 2371 καὶ
1067 2307 1288 2395 δυνάμενον,
1310 2307 1352 2374 ὧν
1367 2310 1421 2396 μέν
1435 2320 1513 2396 ρᾷον

572 2407 628 2487 ἧντ’
646 2414 763 2478 desunt
785 2413 814 2475 τ’
837 2416 1054 2498 ἐπιμελεῖσθαι
1075 2414 1129 2474 καὶ
1150 2411 1324 2497 δυνάμενον
1344 2413 1408 2498 (F).

508 2514 551 2579 Π.
575 2512 712 2598 140,17.
737 2515 866 2581 Cliniae
887 2516 1053 2602 responsio
1074 2512 1179 2590 πάνυ
1201 2515 1259 2600 μὲν
1282 2511 1348 2580 οὖν
1370 2519 1405 2580 in
1430 2525 1512 2580 utro-

508 2638 512 2648 '
571 2641 633 2706 que
657 2617 754 2687 deest,
780 2618 834 2700 (de
858 2617 929 2682 eod.
948 2617 978 2682 A
999 2625 1084 2683 tacet
1101 2617 1244 2682 Bekker.
1303 2617 1369 2683 Sed
1402 2618 1510 2683 confir·

570 2730 661 2787 mant
683 2722 786 2788 Bastii
810 2720 911 2809 (apud
928 2719 1058 2805 Stallb.)
1086 2722 1316 2797 narrationem,
1351 2741 1435 2807 quae
1456 2741 1511 2786 nu·

569 2846 629 2911 per-
645 2824 773 2891 Felsius
794 2823 928 2905 retulit).
1434 2822 1436 2829 ’

505 2924 548 2996 Π.
570 2921 643 3004 142,
657 2922 695 2993 5
719 2924 821 3014 φόνου
840 2923 891 3004 δὴ,
920 2925 1069 3012 καθάπερ
1093 2913 1264 3011 ἠρξάμεθα,
1292 2922 1513 3012 πειριέμεὲα

433 3099 437 3107 ,
568 3027 622 3092 aa
644 3030 754 3106 τελους
774 3028 872 3095 verbo
894 3029 985 3093 finito
1008 3026 1186 3116 πειριέμεθα
1210 3026 1361 3091 destituta
1378 3036 1462 3093 sunt.

505 3128 549 3197 H.
571 3129 646 3214 114,
666 3126 719 3199 20.
749 3132 866 3217 legitur
888 3133 922 3196 in
946 3141 1005 3240 0535
1035 3142 1104 3223 τοῖς
1123 3130 1156 3192 δὲ
1177 3126 1215 3206 δὴ
1237 3126 1444 3216 ἀγορανόμοις
1465 3128 1511 3193 τοὶ

568 3237 638 3321 περὶ
654 3232 775 3320 οἰγοροὶν
795 3260 859 3297 που
881 3236 929 3297 δεῖ
951 3231 1080 3297 ἕκαστα
1099 3234 1207 3318 μέλειν.
1243 3232 1283 3297 In
1297 3231 1327 3294 A
1343 3240 1374 3297 ut
1389 3236 1419 3295 Ω
1441 3244 1512 3308 τοῖς

568 3337 603 3399 δὲ
625 3337 666 3399 δι’
688 3333 810 3423 οἷγοροὶν
830 3363 894 3400 που
914 3339 962 3399 δεῖ
981 3336 1106 3400 sinuosa
1129 3336 1228 3420 μέλειν
1253 3334 1313 3415 (F).
1594 3328 1598 3337 ¹

504 3438 559 3517 (ΙΙ.
581 3433 657 3520 216,
670 3434 721 3505 15.
735 3432 814 3525 ᾗπερ
826 3432 866 3503 ἂν
881 3445 946 3524 ἔχοι
964 3438 1066 3523 λόγων
1077 3434 1224 3525 ρᾳστιένη
1236 3476 1277 3487 -
1289 3436 1380 3502 deest
1392 3434 1509 3524 λόγων;

568 3541 666 3605 etiam
686 3541 721 3604 in
743 3540 926 3623 Vossiano).

502 3642 545 3709 II.
566 3638 641 3724 250,
665 3640 716 3708 14.
742 3640 796 3707 ἐὰν
825 3644 858 3706 δὲ
878 3631 1107 3729 περιγίγνηταί
1129 3667 1176 3718 τις
1207 3652 1273 3706 τοῖν
1298 3641 1388 3707 υἱέων
1420 3642 1510 3727 αὐτῷ

564 3742 604 3831 μὴ
626 3746 678 3807 ἐπέ
700 3771 764 3809 τινι
782 3744 881 3832 κλήρῴ
903 3745 1108 3829 πεποιημένος
1131 3784 1171 3793 -
1195 3744 1286 3811 deest
1307 3744 1407 3831 κλήρῳ
1421 3746 1484 3828 (F).

441 3842 1508 3933 ,ssfflstmfflmmfflwfflmmffl

565 3948 625 4026 τοῖς
639 3960 705 4015 τοῖν
718 3953 879 4014 πλουσίοιν
894 3952 948 4011 καὶ
962 3956 1072 4037 σοφοῖν
1086 3947 1187 4035 θύρας
1196 3950 1333 4018 -deest
1351 3961 1506 4027 τοιοῦτος.

500 4059 542 4123 Π.
566 4048 640 4136 269,
664 4050 714 4118 11.
738 4050 778 4138 μὴ
809 4054 875 4116 δεῖν
904 4054 1064 4137 ἐπιχειρεῖν
1086 4063 1217 4116 τοιοῦτο
1235 4056 1321 4141 δροῖν
1348 4054 1423 4139 μηδὲ
1451 4079 1506 4117 κα-

562 4153 669 4245 θάπερ
690 4157 816 4229 παῖδας
836 4151 912 4231 ‘curig
934 4151 1073 4231 πολλοδς
1094 4158 1204 4243 φοβεῖν
1222 4194 1264 4205 -·-
1280 4157 1370 4222 deest
1385 4156 1507 4232 παῖδας

562 4262 611 4344 (in
631 4259 663 4325 A
683 4257 881 4343 adscriptum
905 4278 968 4322 reo.
988 4278 1030 4321 m.
1055 4266 1134 4323 teste
1155 4258 1285 4340 Felsio).

484 4395 715 4413 ....-..---ο..-.ο-ιαιΑ

545 4484 567 4550 *)
601 4482 661 4536 Ηοο
680 4482 787 4548 signum
804 4482 847 4548 (F)
868 4498 980 4551 oppono,
1007 4484 1053 4536 ubi
1071 4482 1103 4536 de
1113 4484 1233 4535 Parisino
1244 4482 1325 4534 Felsii
1345 4498 1448 4550 quoquo
1464 4492 1503 4535 te·

475 4572 600 4625 simonio
618 4569 743 4623 certiores
758 4569 825 4623 aas
840 4584 940 4625 sumus.
1049 4598 1053 4605 ·
1140 4600 1143 4608 ‹
