3567 5500
323 945 443 1025 stimes,
477 943 535 1008 sed
558 943 661 1009 multa
683 945 718 1008 in
740 945 780 1008 iis
802 945 913 1009 insunt
937 943 1123 1030 singularia,
1158 957 1226 1010 n'o'n
1246 963 1352 1030 pauca
1415 977 1418 985 .

322 1045 376 1112 vel
406 1043 494 1110 illius
522 1044 715 1111 lectionibus
736 1049 980 1132 praestantiora,
1023 1045 1181 1124 nonnulla
1199 1045 1351 1134 denique,

323 1169 407 1234 quae
429 1169 507 1214 casu
530 1171 571 1212 ex
594 1148 705 1213 codice
727 1148 759 1212 A
780 1147 981 1231 exciderunt,
1017 1150 1051 1212 in
1073 1148 1284 1214 deterioribus
1302 1169 1351 1212 re·

322 1259 416 1336 perta
436 1260 521 1315 sunt.
564 1249 677 1337 Neque
699 1251 801 1335 magis
826 1272 910 1337 quae
933 1273 974 1316 ex
997 1251 1109 1316 codice
1131 1252 1162 1316 A
1186 1269 1352 1316 enumera·

322 1353 429 1417 vimus
450 1351 669 1438 negligentiae
696 1355 845 1438 vestigia,
874 1355 910 1416 in
937 1362 1060 1419 ceteros
1088 1352 1245 1418 translata
1267 1361 1351 1424 sunt.

321 1453 435 1536 Immo,
468 1463 627 1541 quotquot
654 1453 751 1519 modo
782 1455 969 1542 conscripsi,
990 1457 1085 1521 unius
1107 1456 1246 1520 Parisini
1273 1464 1353 1520 sunt

322 1559 464 1642 propria.
518 1557 620 1645 Atqui
642 1556 706 1622 duo
736 1566 821 1639 sunt,
858 1579 941 1643 quae
962 1557 1056 1645 hujus
1079 1559 1262 1644 argumenti
1282 1559 1351 1624 vim

290 1722 293 1728 .
321 1658 474 1744 frangere
501 1680 598 1747 posse
624 1659 807 1727 videantur.
850 1659 997 1725 Primum
1027 1658 1145 1747 aliquis
1168 1660 1257 1726 leves
1279 1658 1352 1724 illas

322 1760 533 1847 corruptelas,
571 1782 670 1849 quum
694 1783 714 1826 a
735 1759 874 1837 librariis
903 1761 937 1826 in
965 1762 1076 1828 codice
1096 1763 1128 1827 A
1148 1764 1281 1827 inventa
1304 1782 1360 1828 cs.

323 1873 404 1946 sent,
434 1863 476 1928 ab
503 1864 619 1928 iisdem
638 1885 707 1929 non
730 1865 764 1927 in
793 1863 1017 1950 apographum
1040 1886 1134 1928 suum
1166 1862 1351 1941 translatas,

323 1965 381 2031 sed
403 1966 510 2031 statim
538 1975 698 2032 correctas
734 1988 804 2030 esse
837 1965 966 2050 dixerit,
1003 1988 1066 2053 quo
1089 1966 1210 2032 factum
1233 1967 1282 2048 sit,
1315 1973 1353 2030 ut

323 2072 357 2133 in
380 2070 495 2134 ceteris
517 2091 584 2134 non
601 2070 671 2155 jam
694 2069 905 2155 reperiantur.
961 2068 1006 2134 At
1025 2071 1111 2133 enim
1132 2089 1226 2151 vero,
1262 2067 1351 2155 quod

320 2173 461 2237 alterum
491 2182 548 2254 est,
587 2193 629 2235 ne
651 2170 686 2234 id
708 2169 839 2256 quidem
861 2172 938 2235 satis
956 2178 1114 2252 constare,
1151 2170 1207 2235 illa
1230 2169 1351 2234 menda

321 2277 416 2340 unius
438 2297 508 2339 esse
529 2273 652 2339 codicis
672 2273 830 2360 Parisini3
863 2296 941 2338 nam
965 2296 1006 2337 ex
1035 2273 1162 2338 silentio
1190 2272 1350 2337 editorum

321 2377 536 2465 periculosam
566 2385 598 2441 et
631 2375 787 2440 lubricam
821 2398 891 2440 esse
926 2374 1175 2441 conclusionem.
1224 2373 1376 2456 Audio;·
1446 2387 1448 2391 ’

260 2503 262 2507 ’
321 2490 419 2568 atque
435 2474 510 2544 'hoc
533 2478 666 2566 quidem
689 2481 759 2566 jam
789 2480 921 2564 gravius
945 2488 1002 2544 est.
1045 2477 1130 2542 Nam
1156 2479 1244 2564 prius
1268 2475 1351 2542 illud

322 2593 480 2671 quantum
498 2581 616 2662 valeat,
646 2579 871 2664 aestimabunt,
893 2583 1078 2668 quicunque
1099 2582 1233 2644 istorum
1255 2577 1351 2642 libra·
1448 2590 1453 2600 ’

322 2686 443 2763 riorum
462 2685 641 2771 ingenium,
666 2682 762 2771 quale
785 2683 903 2774 fuerit,
916 2706 958 2748 ex
977 2683 1126 2748 codicum
1148 2681 1297 2746 examine
1318 2689 1352 2744 et

326 2787 537 2873 descriptione
560 2788 775 2873 perceperint.
819 2785 885 2853 Sed
909 2810 951 2852 ne
972 2785 1109 2851 alterum
1130 2784 1260 2872 quidem
1282 2792 1350 2851 tam

324 2912 455 2976 gravem
478 2889 713 2956 dubitationem
736 2891 845 2976 injicit,
880 2900 917 2955 ut
946 2912 1052 2954 meam
1073 2888 1147 2953 ideo
1169 2887 1350 2973 argumeta-

322 2995 443 3058 tioncm
465 3001 681 3057 contemnam.
715 2992 800 3056 Nam
818 2995 967 3079 quamvis
987 3014 1108 3078 magna
1129 2993 1169 3057 sit
1189 2988 1246 3055 illa
1265 3010 1350 3055 com-

322 3099 552 3184 mentariorum
583 3095 770 3178 criticorum
805 3097 1019 3176 taciturnitas,
1060 3117 1124 3181 qua
1155 3094 1250 3157 toties
1282 3110 1350 3154 non

324 3198 470 3262 omnium
491 3196 636 3260 codicum
654 3196 803 3261 nuntiant
816 3198 1021 3278 variationes,
1046 3205 1079 3261 at
1096 3204 1188 3259 tanta
1205 3191 1348 3279 prolecto

324 3306 471 3380 nonest,
507 3306 545 3361 ut
564 3300 671 3363 omnia
697 3297 754 3362 illa
776 3297 895 3363 codicis
916 3298 947 3362 A
970 3298 1100 3379 menda,
1137 3295 1223 3360 levia
1246 3316 1350 3381 aeque

323 3411 420 3488 atque
440 3401 564 3486 gravia,
596 3403 630 3466 in
653 3400 765 3465 ceteris
787 3422 917 3486 quoque
936 3400 1101 3466 codicibus
1125 3402 1230 3465 inesse
1253 3395 1350 3465 silen-

322 3508 367 3569 tio
404 3504 639 3591 praeterierint.
691 3501 890 3581 Quidenim?
935 3502 970 3568 Si
1007 3504 1040 3566 in
1071 3502 1184 3565 ceteris
1219 3520 1357 3588 quoque·

321 3602 394 3689 407,
407 3605 437 3671 1.
458 3628 517 3691 pro
538 3602 640 3668 πάθει
662 3595 778 3679 πλήθει
799 3604 970 3689 legeretur,
1005 3606 1031 3669 si
1047 3604 1091 3673 ΙΙ.
1112 3599 1185 3685 156,
1196 3599 1227 3671 ⁶2.
1249 3605 1348 3687 ἐφοκι,

322 3710 350 3775 si
372 3707 415 3771 II.
437 3703 490 3788 80,
514 3703 545 3776 6;
565 3710 681 3790 βασκα,
715 3710 742 3772 si
765 3704 839 3789 468,
861 3704 892 3773 4.
916 3730 974 3795 pro
1003 3707 1094 3769 alnov
1126 3728 1199 3775 cum
1221 3704 1294 3769 Par.
1318 3711 1349 3766 et

213 3793 217 3799 ⁵
320 3810 415 3877 Voss.
437 3808 595 3875 haberent
615 3808 717 3893 εἶπορε
739 3810 807 3891 (ubi
829 3809 945 3875 Stallb.
967 3808 1052 3873 ultro
1073 3807 1201 3872 addite
1223 3804 1297 3872 Vat.
1318 3808 1353 3875 a,

320 3912 386 3979 tale
400 3912 481 3977 nihil
496 3921 661 3978 enotatum
676 3917 768 3996 esse),
790 3921 822 3976 et
840 3934 925 3998 quae
944 3911 1063 3983 similia
1075 3930 1174 3996 supra
1188 3909 1350 3992 congessi,

322 4017 360 4096 si,
391 4016 536 4101 inquam,
570 4014 649 4079 talia
677 4016 713 4079 in
735 4015 848 4078 ceteris
871 4012 1037 4078 codicibus
1062 4019 1236 4094 exstarent,
1269 4032 1348 4075 num

322 4114 479 4181 credibile
501 4125 558 4200 est,
580 4116 660 4182 haec
682 4116 779 4203 plane
798 4114 839 4180 ab
861 4114 1045 4180 hominibus
1066 4115 1184 4179 criticis
1205 4134 1275 4178 esse
1295 4133 1349 4175 ne·

320 4216 437 4304 glecta,
474 4220 530 4305 qui
551 4227 600 4283 tot
619 4227 774 4305 tantoque
796 4218 969 4283 minutiora
992 4215 1104 4283 sedulo
1128 4213 1257 4303 exgillis
1279 4236 1349 4279 ma-

321 4320 496 4405 nuscriptis
519 4319 754 4394 enataverunt?
806 4372 810 4376 .
1072 4407 1073 4411 ¹
1265 4404 1270 4407 -

405 4421 552 4504 Accedit,
574 4421 662 4509 quod
683 4422 809 4488 in'cod.
822 4423 971 4488 Parisino
993 4431 1141 4487 narratur
1161 4440 1283 4505 magna
1303 4420 1351 4485 in·

322 4546 392 4591 esse
411 4523 530 4591 lacuna
542 4518 806 4609 roomo-406,
818 4520 869 4592 16.
881 4520 979 4609 (749),
1004 4525 1094 4613 cujus
1107 4526 1145 4589 in
1167 4524 1279 4590 ceteris
1301 4540 1351 4590 re·
