3567 5500
962 754 1005 832 80

469 950 568 1019 viae?
592 929 646 1017 'At
659 947 677 1027 ἤ
691 977 726 1014 τι
738 948 891 1017 τοιοῦτον
908 949 990 1017 ἀλλο
1005 952 1209 1019 manifestum
1224 960 1272 1019 est
1293 957 1437 1039 spectare
1452 948 1494 1017 ad

470 1051 622 1119 ἱππεύειν.
653 1054 737 1121 Nam
749 1055 896 1120 militaris
913 1056 989 1120 artis
1002 1054 1111 1142 plures
1133 1065 1282 1143 poterant
1302 1054 1410 1121 afferri
1425 1076 1494 1143 spe·

470 1160 545 1241 cies,
569 1180 649 1245 quas
664 1179 775 1224 omnes
796 1159 889 1245 pueri
911 1167 1076 1245 tamquam
1090 1161 1212 1225 tirones
1226 1160 1393 1235 παίζοντες
1407 1180 1494 1224 exer·

470 1280 542 1325 cere
554 1262 717 1347 jubentur.
747 1261 861 1349 Itaque
875 1261 901 1325 si
915 1261 1052 1326 retinere
1067 1261 1148 1326 velis
1163 1260 1244 1327 illud
1256 1262 1403 1344 verbum,
1426 1261 1495 1326 infi-

469 1362 590 1428 nitivus
604 1384 677 1427 oum
684 1362 851 1429 Boeckhio
867 1365 1082 1429 restituendus
1098 1373 1154 1430 est.
1192 1366 1300 1452 Atque
1310 1363 1494 1429 Boeckhius

470 1464 516 1546 (in
528 1462 606 1528 Min.
621 1488 695 1552 pag.
705 1461 768 1531 113
776 1472 837 1553 sq.)
853 1465 941 1531 aliud
960 1468 1028 1555 ejus
1049 1468 1257 1554 corruptionis
1277 1467 1494 1532 testimonium

470 1567 563 1632 affert
572 1564 675 1635 954Α.
705 1566 771 1633 Scd
783 1568 830 1633 ibi
842 1569 1022 1659 terminatio
1038 1568 1187 1634 infinitivi
1202 1592 1245 1631 ειν
1259 1567 1353 1633 facile
1368 1576 1494 1655 poterat

469 1670 503 1733 in
518 1671 709 1735 nominativi
725 1676 791 1751 (ων)
806 1671 966 1757 participii
988 1669 1173 1758 depraveri;
1198 1672 1374 1737 accusativi
1389 1680 1495 1735 autem

468 1793 534 1837 non
555 1781 621 1837 tarn
639 1794 758 1857 magna
777 1781 826 1837 est
844 1772 1028 1839 similitudo.
1057 1773 1117 1846 ¹At
1137 1772 1212 1837 vide
1233 1772 1339 1838 modo.
1380 1771 1494 1837 Nonne
1574 1820 1583 1837 .

467 1874 593 1941 scribae
624 1874 841 1940 invitabantur
861 1874 928 1940 fere
951 1876 994 1941 ad
1022 1874 1113 1941 illam
1143 1874 1430 1961 interpolationem,
1467 1876 1494 1939 ai

468 1976 597 2065 quidem
621 1998 642 2041 a
658 1974 791 2042 Platone
813 1980 966 2063 scriptum
987 1978 1139 2043 viderunt
1165 1974 1314 2041 ἱππεύειν
1333 1979 1494 2055 παίζοντα

378 2116 386 2133 ·
468 2075 540 2154 ἥτε
559 2076 625 2143 τῶν
646 2078 805 2144 τοιούτων
827 2076 932 2144 cillo?
989 2081 1102 2167 Itaque
1135 2080 1316 2145 Hermanni
1346 2090 1377 2146 ct
1403 2080 1493 2145 Turi·

468 2184 610 2249 censium
627 2182 752 2270 judicio
776 2182 1017 2248 assentiendum
1039 2192 1096 2265 est,
1131 2206 1195 2270 quo
1217 2182 1279 2247 hoc
1299 2180 1494 2248 vocabulum

467 2282 618 2349 cancellis
639 2284 927 2350 circumdederunt.
972 2282 1082 2366 Quid?
1124 2284 1215 2349 Idem
1236 2285 1369 2350 verbum
1393 2296 1494 2349 ποιεῖν

466 2396 587 2452 temere
606 2388 761 2451 insertum
783 2409 862 2469 esse,
886 2386 1094 2452 Hermannus
1116 2386 1274 2452 intellexit
1295 2408 1370 2473 pag.
1385 2382 1492 2453 902A:

465 2485 613 2574 καθάπερ
637 2492 667 2551 οἱ
695 2486 902 2575 φαυλότατοι
922 2486 987 2553 τῶν
1011 2487 1189 2576 ἀνθρώπων
1216 2489 1365 2573 λέγονται
1394 2501 1494 2553 ποιεῖν

467 2588 584 2669 εἰδότες
614 2587 700 2655 ἄλλα
720 2592 803 2656 εἶναι
823 2594 935 2676 βελτίω
964 2590 1132 2679 πράττειν,
1163 2587 1205 2655 ὧν
1235 2589 1273 2666 dri
1298 2588 1493 2678 sepulcrorum,

467 2691 520 2759 διά
542 2718 633 2773 τινας
660 2688 762 2772 ἥττας
789 2690 910 2772 ἡδονῶν
938 2687 956 2772 ἢ
979 2690 1089 2760 λυπῶν
1117 2694 1154 2758 od
1183 2706 1295 2778 ποιεῖν,
1330 2694 1396 2777 ubi,
1432 2694 1493 2761 nisi

465 2797 634 2864 Platonem
654 2818 766 2863 vocem
785 2810 888 2862 ποιεῖν
905 2796 1081 2863 illustrasse
1102 2819 1160 2886 per
1178 2798 1215 2861 od
1235 2809 1336 2862 ποιεῖν
1357 2807 1494 2864 statuere

467 2898 628 2982 malueris,
656 2898 738 2965 illud
764 2901 853 2987 prius
874 2911 978 2963 ποιεῖν
999 2899 1122 2966 scribae
1143 2901 1250 2987 potius
1264 2900 1418 2966 licentiae
1440 2901 1494 2966 tri·

466 3001 558 3084 bues,
581 3024 679 3089 quam
692 3000 838 3067 Platonis
852 3001 1128 3088 negligentiae-
1151 3027 1187 3066 τε
1201 3024 1275 3089 pag.
1285 2999 1394 3072 7510:
1421 2997 1496 3086 ὁρᾶς

465 3102 527 3190 γάρ
556 3098 612 3168 ὅτε
639 3107 686 3168 δεῖ
709 3141 751 3154 -
779 3101 855 3181 τούς
884 3104 1060 3190 μέλλοντας
1088 3103 1279 3191 αἱρήσεσθαι
1307 3102 1495 3192 τετράφθαι

466 3231 503 3269 τε
523 3210 555 3270 ἐν
577 3203 667 3283 ἤθεσι
688 3204 790 3293 νόμον
803 3211 873 3276 κτλ.
918 3207 982 3272 Ηίε
1004 3231 1051 3289 τε,
1078 3207 1165 3294 quod
1187 3217 1261 3274 anta
1282 3209 1314 3272 ἐν
1338 3203 1429 3284 ἤθεσι
1450 3206 1493 3272 le·

466 3310 560 3396 gitur,
583 3311 611 3373 si
624 3309 826 3374 Platonicum
846 3331 916 3374 esse
938 3318 1066 3392 statuas,
1093 3309 1342 3396 explicationem
1365 3331 1494 3397 prorsus

465 3410 590 3476 nullam
612 3410 723 3495 habet;
759 3410 888 3476 facilem
911 3413 937 3476 si
960 3434 979 3476 a
999 3410 1114 3494 scriba,
1140 3414 1194 3500 qui
1217 3403 1307 3477 dum¹
1321 3407 1494 3482 infinitivus

466 3511 645 3590 οἷοννδέτως
675 3533 745 3580 sese
773 3515 969 3601 excipientes
999 3536 1066 3579 non
1092 3514 1293 3600 intelligeret,
1329 3515 1495 3602 interposi·

464 3625 532 3682 turn
552 3637 622 3683 esse
643 3639 758 3682 sumas.
812 3616 919 3704 Atque
940 3618 1132 3683 recentiores
1154 3639 1266 3684 omnes
1289 3617 1493 3705 expulerunt.

407 3733 411 3738 '
465 3757 506 3769 -
539 3714 556 3795 ἦ
579 3721 715 3808 denique
736 3741 810 3807 pag.
831 3715 927 3786 954Α
953 3719 995 3784 ad
1017 3718 1131 3807 γυμνὸς
1152 3731 1184 3786 et
1207 3717 1394 3805 χιτωνισκὸν
1416 3725 1495 3806 ἔχων

465 3823 690 3913 conjungenda
711 3822 836 3889 illatum
869 3845 949 3906 esse,
982 3825 1052 3911 jam
1074 3822 1194 3888 Petitus
1226 3822 1360 3905 viderat,
1397 3831 1494 3910 atque
1611 3837 1614 3844 ’

465 3929 615 3992 omittunt
644 3928 846 3992 recentiores.
898 3925 1071 3991 Cumulata
1102 3927 1195 4009 enim,
1231 3935 1267 3991 ut
1297 3927 1332 3990 in
1368 3924 1493 3990 solenni

464 4027 610 4113 formula,
635 4039 708 4094 sunt
726 4050 824 4093 voces
844 4025 960 4114 γυμνός
988 4066 1022 4076 -
1040 4026 1229 4112 χιτονισκόν
1248 4033 1327 4112 ἔχων
1347 4064 1387 4075 -
1413 4023 1492 4104 ἄζο-

464 4155 550 4207 στος.
576 4167 617 4180 -
647 4130 872 4196 Audacissima
906 4150 982 4195 vero
1016 4130 1286 4219 interpolamenta
1318 4128 1399 4204 haec
1432 4131 1494 4193 tria

428 4284 432 4292 .
464 4242 598 4300 restant:
634 4228 698 4301 695
712 4233 745 4298 D
781 4232 1006 4300 allocutionem
1041 4234 1084 4299 ad
1106 4231 1243 4302 Darium
1274 4230 1493 4297 illustrationis

464 4353 570 4420 causa,
592 4346 628 4402 ut
647 4336 785 4419 videtur,
814 4335 964 4402 librarius
984 4335 1101 4425 aliquis
1123 4337 1192 4401 sive
1212 4334 1437 4422 grammaticus
1459 4334 1494 4398 in

457 4437 606 4524 'margine
626 4438 850 4526 adscripscrat,
886 4461 985 4528 quarn
1007 4439 1127 4504 deinde
1146 4437 1251 4505 scriba
1272 4435 1494 4502 infelicissime

463 4543 496 4606 in
517 4541 661 4608 ordinem
681 4541 851 4608 verborum
874 4545 1018 4610 intexuit.
1057 4540 1140 4608 Nam
1163 4541 1197 4606 in
1219 4539 1313 4607 codd.
1334 4540 1415 4604 haec
1437 4559 1493 4604 ex-
