3567 5500
949 740 1013 813 102

469 934 547 1001 dum
563 930 730 1021 Ἄτροπον
748 932 808 1010 τὴν
830 930 1084 1021 ἀμετάστροφον
1107 932 1376 1018 ἀπεργαζομένην
1400 931 1496 999 δύνα-

469 1062 521 1123 μιν
535 1035 588 1118 (cf.
610 1060 642 1124 p.
655 1032 697 1103 13
712 1046 742 1103 et
755 1033 819 1119 46),
847 1038 957 1125 Atque
979 1036 1075 1103 simul
1098 1044 1232 1123 apparet
1249 1033 1416 1102 Platonem
1435 1036 1498 1103 hoc

469 1138 601 1226 quidem
634 1138 706 1205 loco
740 1141 796 1206 vix
828 1142 972 1226 cogitare
1002 1136 1045 1205 de
1076 1161 1115 1203 ea
1143 1138 1318 1204 Parcarum
1344 1139 1497 1222 imagine,

467 1261 535 1329 qua
552 1244 688 1307 stamina
699 1251 810 1309 nentes
824 1240 938 1309 Clotho
954 1248 985 1306 et
994 1240 1150 1307 Lachesis
1168 1238 1381 1327 fingebantur.
1413 1240 1498 1307 Nam

469 1342 504 1407 in
534 1344 693 1431 ejusmodi
726 1342 920 1435 imaginibus
956 1343 1071 1430 Atropi
1103 1364 1171 1407 non
1205 1351 1253 1408 est
1286 1356 1415 1408 servare
1450 1365 1498 1426 ea,

470 1466 555 1531 quae
576 1455 700 1513 ceterae
722 1454 967 1529 contexuerunt,
1000 1445 1058 1511 sed
1075 1466 1244 1534 persecare
1266 1452 1391 1510 tantum
1412 1453 1444 1509 et
1464 1444 1499 1511 fi-

469 1547 550 1612 nire.
594 1547 705 1636 Atqui,
735 1558 771 1615 ut
791 1548 1093 1630 demonstravimus,
1118 1548 1235 1634 utique
1255 1546 1405 1613 servandi
1428 1546 1498 1635 ejus

471 1647 552 1714 deae
577 1651 629 1715 vis
651 1661 684 1717 et
708 1649 845 1717 facultas
876 1651 932 1717 hic
962 1651 1143 1737 requiritur.
1201 1648 1274 1715 Hoc
1305 1658 1414 1714 autem
1444 1671 1499 1715 ne-

347 1793 349 1799 1
470 1750 584 1836 gloxit,
612 1754 719 1839 quiin
741 1754 887 1838 margine
909 1752 953 1817 ad
974 1749 1129 1838 σώτειραν
1151 1750 1321 1837 adscripsit
1343 1772 1390 1833 ea,
1416 1772 1499 1838 quae

469 1852 602 1923 exclusi.
662 1855 895 1942 Interpretatus
933 1864 993 1936 est,
1015 1852 1184 1935 videlicet,
1226 1853 1499 1940 (interpretatione

468 1956 556 2021 enim
578 1957 640 2023 hoc
672 1957 744 2047 loco
767 1980 848 2045 opus
869 1979 942 2023 esse
962 1956 1142 2036 videbatur)
1166 1955 1334 2021 Platonem
1352 1955 1499 2041 Atropon

468 2058 576 2125 dicere
598 2063 737 2127 stamina
757 2069 949 2141 servantem,
986 2060 1124 2125 stamina
1144 2067 1252 2124 autem
1276 2058 1499 2143 comparari

469 2162 520 2243 iis,
550 2184 635 2249 quae
657 2162 741 2231 dicta
763 2173 796 2229 et
818 2163 966 2249 exposita
987 2169 1106 2227 essent:
1140 2158 1206 2225 vcta
1227 2160 1435 2225 ὀιλωσθέντων
1457 2197 1499 2207 -

468 2272 543 2328 τῶν,
558 2265 737 2348 λεχθέντων
757 2304 799 2315 -
821 2262 1048 2349 ἀπεικασμένα.
1065 2278 1067 2283 ’
1093 2262 1182 2343 Quid
1204 2262 1343 2349 denique
1364 2260 1425 2327 sibi
1446 2284 1498 2329 ve·

469 2363 531 2431 lint
562 2365 621 2431 illa
639 2363 686 2452 τῷ
706 2369 794 2454 πυρὶ,
826 2365 1054 2431 difficillimum
1086 2374 1144 2448 est,
1182 2386 1289 2452 neque
1322 2364 1499 2452 quidquam

469 2468 548 2532 certi
570 2466 685 2551 habeo,
721 2469 808 2557 quod
829 2470 870 2535 de
892 2470 931 2535 iis
952 2490 1142 2555 proponam.
1185 2467 1285 2533 Varia
1306 2468 1391 2533 enim
1412 2468 1497 2533 inve·

468 2570 522 2635 nio
556 2570 605 2637 illi
625 2572 748 2638 Parcae
779 2574 815 2637 in
846 2568 1094 2638 narratiunculis
1117 2578 1148 2635 et
1179 2568 1296 2637 tabulis
1328 2571 1421 2657 pictis
1447 2572 1495 2637 tri·

467 2671 524 2737 bui
546 2672 595 2754 *):
625 2673 777 2760 forficem,
801 2674 965 2758 solarium,
985 2673 1104 2758 stilum,
1124 2673 1288 2764 volumen,
1310 2694 1371 2738 nec
1391 2682 1495 2739 tamen

467 2797 605 2863 usquam
628 2779 748 2863 ignem.
790 2778 980 2845 Sedunum
1002 2785 1101 2842 restat
1123 2779 1385 2860 instrumentum,
1420 2776 1498 2841 mal·

467 2874 548 2960 leus,
565 2901 629 2965 quo
642 2881 678 2946 in
692 2881 825 2968 speculo
833 2881 940 2947 Tusco
957 2901 1029 2945 cam
1044 2878 1173 2944 clavum
1184 2878 1299 2965 parieti
1314 2878 1499 2966 infigentem

407 2975 411 2981 ’
467 2980 662 3067 adspicimus
685 2982 774 3063 (vide
797 2981 832 3049 0.
855 2983 941 3048 Jalur
964 2983 1092 3048 arctici.
1111 2982 1257 3076 Reitrdyc
1280 3003 1312 3067 p.
1333 2974 1418 3063 210).
1457 2981 1498 3047 In

467 3081 574 3148 medio
597 3093 704 3150 autem
723 3082 925 3172 relinquam,
951 3107 1029 3150 num
1053 3084 1177 3170 graecis
1201 3080 1259 3146 illa
1289 3083 1397 3168 imago
1420 3092 1499 3149 nota

466 3184 572 3268 fixerit,
608 3185 699 3252 latini
720 3197 888 3271 noverunt,
912 3187 952 3253 cf.
974 3185 1087 3252 Horat.
1109 3208 1207 3251 carm.
1230 3184 1291 3267 HI,
1314 3178 1366 3267 24,
1387 3180 1418 3250 5.
1462 3183 1498 3250 Si

466 3288 536 3372 figit
563 3287 835 3356 adamantinos
857 3289 999 3354 Summis
1022 3287 1199 3354 verticibus
1233 3287 1305 3352 dira
1325 3288 1497 3353 necessitas

467 3389 620 3473 Claros,
648 3413 716 3457 non
738 3392 881 3458 animum
902 3401 998 3474 metu,
1024 3390 1100 3457 Non
1120 3392 1233 3457 mortis
1256 3389 1382 3477 laqueis
1403 3412 1498 3477 expe·

465 3492 535 3558 dies
555 3502 661 3579 caput.
683 3531 723 3542 -
768 3492 862 3559 Ouid.
885 3493 1015 3559 Metam.
1036 3493 1111 3576 XV,
1132 3488 1255 3580 809sq.
1299 3491 1402 3559 Intres
1424 3493 1498 3560 licet

391 3597 408 3637 ⁴·
465 3595 537 3681 ipsa
559 3617 706 3660 sororum
727 3595 828 3662 Tecta
848 3597 958 3679 trium;
996 3617 1106 3669 cernes
1129 3595 1197 3662 illio
1218 3595 1384 3662 molimine
1404 3604 1496 3662 vasto

465 3697 519 3762 Ex
544 3719 618 3763 aere
641 3708 674 3785 et
691 3698 794 3766 solido
816 3721 923 3764 rerum
945 3696 1104 3764 tabularia
1128 3698 1223 3764 ferro.
1257 3697 1409 3765 Invenies
1431 3698 1497 3764 illic

465 3797 592 3865 inclusa
612 3800 815 3868 adamante
836 3803 974 3888 perenni
994 3800 1077 3866 Fata
1100 3803 1148 3866 tui
1171 3802 1307 3886 generis.
1336 3839 1378 3850 -·-
1413 3802 1495 3868 Hor.

465 3923 562 3967 carm.
585 3898 686 3986 1‚35,
710 3901 761 3982 11.
826 3904 874 3969 Te
903 3926 1029 3991 semper
1058 3904 1159 3970 anteit
1188 3925 1284 3978 sowa
1311 3905 1496 3986 necessitas,

333 4031 341 4044 ·
466 4002 584 4070 Oleros
614 4005 752 4071 trabales
775 4015 806 4070 et
827 4027 946 4072 cuneos
968 4027 1067 4071 manu
1089 4006 1227 4072 (lestans
1255 4027 1337 4072 aena
1358 4029 1419 4072 nec
1449 4028 1497 4072 se·

463 4128 560 4173 venre
581 4098 694 4173 Uncus
715 4107 806 4174 abest
825 4107 1050 4195 liquidumque
1072 4107 1250 4195 plumbum,
1273 4145 1315 4156 -
1347 4109 1403 4174 ubi
1421 4107 1497 4174 vide

531 4325 558 4430 l³)
592 4364 625 4417 ct.
650 4364 757 4433 Wellser,
781 4364 943 4434 Zeitactrr'ft
962 4364 1015 4434 sttr
1035 4364 1183 4420 Gasctiolta
1205 4370 1259 4422 und
1276 4363 1426 4438 Auslepunp
1450 4368 1497 4421 der

462 4454 532 4506 alica
549 4450 644 4505 Kuriat.
678 4451 729 4505 Dic
747 4453 850 4506 Purccn
867 4452 1029 4506 undercn
1047 4452 1270 4505 11197433.-
1289 4454 1398 4508 Prorsus
1416 4452 1497 4507 aliam

464 4543 542 4606 atque
560 4536 610 4590 hoc
628 4539 688 4591 loco
708 4538 854 4608 imaginem
870 4538 949 4592 Plato
969 4553 1038 4609 resp.
1056 4539 1138 4592 6171)
1156 4539 1270 4611 respicit.

1248 4855 1261 4894 Ι
