3567 5500
935 640 1051 759 ιε’

356 911 362 919 ·
436 901 494 950 nes
526 879 745 970 perpulerant.
787 878 882 947 Nunc
914 880 956 947 ab
977 880 1137 963 omnibus,
1177 862 1340 967 quomodo
1363 886 1467 946 ortum

437 986 489 1069 sit,
510 991 714 1073 perspectum
736 992 794 1049 eat
1389 1056 1394 1061 ,

521 1084 713 1151 Evidentius
743 1107 820 1151 vero
845 1085 942 1174 hujus
971 1087 1017 1151 rei
1051 1084 1234 1173 exemplum
1254 1106 1321 1151 non
1353 1092 1465 1167 exstat,

433 1210 530 1277 quam
552 1187 604 1251 hic
621 1186 727 1253 loeus:
766 1185 826 1252 τὸν
858 1198 989 1274 πρῶτον
1024 1188 1173 1275 κριθέντα
1197 1196 1265 1249 των
1297 1184 1466 1271 γενομένων
1537 1247 1539 1251 ,

433 1292 532 1375 ἐκείνῳ
554 1278 601 1375 τῷ
618 1291 752 1374 ἐνιαυτῷ
772 1300 847 1354 των
869 1290 970 1367 ἱερέων
992 1286 1068 1369 (947
1076 1290 1127 1373 Β).
1186 1287 1270 1355 Nam
1302 1290 1374 1375 quis
1408 1297 1465 1370 est,

434 1394 514 1483 quin
542 1391 652 1457 videat
682 1391 849 1457 articulam
870 1403 937 1457 τῶν
970 1416 1012 1458 ex
1045 1390 1248 1458 antecedenti
1271 1388 1398 1476 syllaba
1420 1400 1466 1473 τῷ

372 1542 381 1553 .
434 1504 539 1561 ortum
572 1515 643 1559 esse
677 1492 718 1559 cf.
736 1516 812 1581 pag.
834 1489 887 1561 26.
923 1490 976 1561 28.
1035 1496 1142 1581 Atque
1174 1489 1369 1564 sustulerunt
1400 1490 1466 1557 lere

434 1618 546 1663 omnes
561 1595 611 1676 (A.
627 1595 670 1662 H.
693 1594 739 1662 St.
754 1596 868 1679 Τ.).-
888 1596 1044 1684 Repetitis
1065 1596 1195 1685 quidem
1217 1593 1317 1660 literis
1342 1615 1402 1659 uec
1421 1602 1466 1659 ta·
1519 1614 1524 1622 ·

435 1720 514 1784 men,
531 1699 733 1793 commutatis
756 1696 826 1763 aliis
848 1721 977 1785 quoquc
997 1698 1077 1765 locis
1099 1695 1258 1785 particula
1277 1719 1314 1758 τε
1335 1696 1467 1781 scripto·
1593 1726 1597 1733 ·

333 1813 335 1816 ’
433 1800 477 1865 ris
500 1801 675 1865 sententias
694 1800 825 1866 intravit
841 1810 873 1865 et
889 1799 1041 1865 turbavit.
1088 1801 1142 1866 Sic
1163 1798 1377 1864 recentiorum
1399 1796 1465 1863 edi·

434 1911 541 1967 torum
560 1901 616 1980 (Η.
640 1901 685 1967 St
709 1902 760 1982 Τ.)
791 1902 953 1988 suffragiis
975 1898 1084 1971 84οΑ
1115 1904 1149 1967 in
1172 1899 1384 1989 Atheniensis·
1409 1898 1465 1964 ho·

303 2052 308 2059 ,
382 2021 391 2029 ‘
435 2004 524 2090 spitis
553 2005 700 2069 oratione
723 2000 770 2089 ἆρ’
791 1998 847 2068 οὖν
870 2002 927 2067 οωίι
956 2004 1045 2091 ἰ’σμεν
1066 2002 1126 2069 τὸν
1145 2010 1348 2089 Ταραντῖνον
1360 1999 1465 2065 Ἴκκον

434 2104 515 2191 citroq}
543 2104 597 2169 διοί
619 2104 679 2169 τὸν
699 2103 899 2193 Ὀλυμπίασί
922 2131 958 2170 τε
982 2104 1093 2191 οίγωνα
1115 2107 1169 2169 καὶ
1193 2105 1271 2181 τούς
1292 2129 1329 2168 τε
1351 2098 1466 2181 ἄλλους

335 2243 338 2248 >
433 2210 505 2273 ιιτλ.
528 2207 665 2274 alterum
688 2233 725 2272 τε
747 2208 934 2275 damnatum
958 2218 1016 2275 est.
1060 2210 1130 2275 Nec
1151 2208 1277 2273 minore
1294 2208 1369 2294 jure
1384 2206 1465 2273 Her·
1500 2242 1501 2245 ¹
1549 2244 1553 2261 ι

434 2331 572 2376 maumas
594 2333 626 2398 p.
644 2305 709 2377 943
719 2309 763 2393 D,
798 2310 855 2376 ubi
886 2308 1003 2396 legitur
1023 2314 1198 2398 φοβείσθω
1221 2306 1262 2373 τό
1285 2307 1380 2395 μήτε
1400 2312 1466 2373 ἑπε-

421 2424 552 2496 ’νεγειεῖν
580 2413 677 2493 ψευδῆ
705 2413 859 2499 τιμωρίαν
894 2407 964 2497 μήτ’
995 2410 1051 2478 οἶν
1080 2409 1196 2478 ἑκόντα
1229 2408 1298 2498 μήτ’
1331 2407 1467 2489 ἄκοντα,

435 2536 496 2602 pro
519 2509 596 2604 μήτε
618 2514 719 2581 scribi
749 2516 848 2602 jussit
868 2512 919 2600 nri,
961 2517 1116 2604 quoniam
1135 2511 1215 2601 ’μήτε
1237 2536 1369 2601 prorsus
1401 2537 1467 2581 nou

434 2617 541 2701 habet,
570 2618 621 2683 cui
639 2615 846 2706 respondeat,
893 2616 1070 2684 Scribentie
1091 2638 1209 2703 nempe
1232 2616 1318 2682 oculi
1339 2618 1374 2683 in
1395 2640 1467 2703 par·

436 2719 563 2804 naulae,
595 2743 677 2809 quae
701 2729 890 2809 sequuntur,
922 2720 1159 2787 aberraverant.
1203 2719 1357 2788 Similiter
1379 2719 1467 2786 dani-

355 2855 357 2859 ·
437 2845 500 2912 qne
518 2845 585 2888 una
605 2823 697 2890 litera
719 2832 849 2890 extrusa
875 2823 1025 2911 periodus
1052 2833 1164 2890 sanata
1186 2833 1244 2906 est,
1285 2845 1368 2912 quae
1389 2821 1466 2910 legi·
1505 2881 1507 2886 s

435 2935 488 2990 tur
509 2920 608 2992 9570
632 2923 768 2991 πάντων
789 2923 850 3012 γὰρ
880 2922 1081 3011 μαθημάτων
1113 2921 1296 3011 κομιοίτατα
1326 2933 1386 2988 τοῦ
1408 2922 1468 2991 τὸν

393 3080 396 3085 «
437 3024 653 3113 μανθάνοντα
674 3029 786 3112 βελτίω
813 3029 980 3114 γίγνεσθαι
1002 3025 1047 3091 τοί
1069 3029 1140 3115 περὶ
1166 3024 1242 3104 τούς
1268 3024 1380 3113 νόμους
1410 3015 1490 3090 aei-¹

437 3154 526 3215 μενα,
562 3122 689 3217 οίείπερ
716 3125 816 3217 ὄμθως
836 3130 880 3206 εἴη
900 3129 1048 3210 τεθέντα,
1080 3129 1211 3216 γίγνοιτ’
1231 3124 1287 3195 ἄν.
1326 3129 1379 3196 Ex
1401 3128 1466 3195 clu·
1521 3168 1530 3177 -

396 3260 398 3263 ’
436 3242 547 3303 serunt
570 3224 592 3295 oi
614 3233 653 3298 T.
669 3232 716 3300 St.
729 3232 791 3316 H.;
823 3256 898 3300 cum
921 3256 986 3322 quo
1008 3243 1083 3322 apte
1103 3231 1260 3314 conferas,
1282 3231 1370 3320 quod
1392 3253 1466 3322 pag.

439 3329 547 3404 l82D
574 3333 692 3420 legitur
718 3336 752 3400 in
784 3336 878 3405 codd.
901 3338 956 3399 καὶ
976 3334 1105 3424 σφόδρα
1125 3329 1277 3419 λεγόμενα
1298 3326 1321 3397 ἅ
1341 3331 1366 3400 τ’
1391 3333 1467 3420 ripn·

438 3463 501 3514 κως
518 3438 573 3501 καὶ
594 3433 804 3504 πιστεύεσθαι
824 3436 952 3503 πιθανά
988 3440 1218 3525 corriguntquc
1247 3433 1400 3521 λεγόμενα
1425 3434 1466 3518 τ’,

398 3626 401 3631 ,
439 3542 474 3607 in
492 3560 557 3630 quo
578 3541 807 3630 re-respondet
828 3542 1010 3630 insequenti
1032 3543 1086 3604 καὶ
1107 3536 1319 3604 πιστεύεσθαι
1340 3539 1467 3606 πιθανιί

437 3644 488 3726 (Τ.
508 3644 553 3712 Η.
575 3643 638 3724 R).
692 3646 761 3712 Noc
784 3640 877 3712 831ss
899 3643 993 3710 aliter
1028 3641 1148 3710 habent
1167 3635 1250 3718 αὕτη
1269 3642 1325 3730 μὲν
1347 3643 1467 3719 τοίνυν,

436 3737 585 3836 rivi-im
619 3747 676 3832 μία
703 3748 817 3822 κείσθω
837 3743 1062 3811 διακωλύουσα
1082 3746 1175 3810 αἰτία
1205 3755 1267 3810 τοῦ
1287 3743 1364 3832 μήτε
1387 3743 1468 3813 ἄλλο
1504 3750 1507 3757 ’

436 3846 538 3913 καλὸν
560 3845 638 3934 μήτε
659 3846 704 3914 τοί
727 3847 806 3936 πρὸς
827 3847 887 3914 τὸν
908 3846 1046 3936 ’πόλεμον
1068 3854 1204 3926 ἱκανῶς
1226 3851 1325 3912 ἐοῖσα
1345 3846 1465 3930 dcxciv,

382 3939 390 3993 '-
437 3952 472 4017 iu
490 3950 609 4038 quibus
626 3952 788 4039 quomodo
808 3955 892 4016 ἐῶσα
911 3961 1024 4019 natum
1039 3960 1133 4033 esset,
1156 3951 1364 4018 Hermannus
1384 3950 1468 4018 bene

437 4053 611 4142 perspexit.
658 4054 774 4141 Neque
795 4054 883 4120 enim
903 4053 1138 4128 Winlrelmann
1161 4062 1192 4119 at
1213 4051 1407 4135 Stallbaum,
1441 4054 1468 4118 si

436 4154 482 4222 ad
504 4177 543 4222 ea
562 4162 748 4245 provocant,
771 4154 812 4221 <la
834 4157 951 4246 quibus
973 4157 1086 4245 Poppo
1101 4153 1250 4242 Prolegg.
1265 4154 1307 4220 ad
1321 4154 1467 4244 Thucyd.

439 4280 471 4345 p.
494 4252 567 4326 150.
593 4260 659 4345 agit
686 4258 739 4340 (cf.
763 4257 876 4331 Stallb.
900 4260 943 4326 ad
964 4258 1088 4326 Phileb.
1113 4280 1146 4346 p.
1159 4253 1212 4326 ·58
1227 4256 1277 4340 O),
1314 4257 1401 4326 hunc
1423 4257 1468 4324 lo-

439 4382 513 4427 cum
541 4359 625 4428 bene
647 4359 834 4426 defendunt.
891 4362 974 4434 Num
999 4359 1210 4449 Thucydideo
1232 4359 1289 4426 illa
1309 4369 1349 4442 et,
1385 4382 1469 4448 quae

439 4461 528 4552 apud
548 4462 715 4531 Platonem
748 4464 933 4553 ceteroquin
967 4462 1085 4530 similia
1115 4464 1334 4548 inveniuntur,
1368 4461 1466 4530 multo
