3567 5500
805 756 846 828 37

310 947 398 1028 bant,
436 946 556 1033 requiri
588 948 738 1032 potuerit.
793 946 859 1011 Sed
880 969 974 1032 pone,
1003 948 1073 1033 jam
1101 951 1134 1013 in
1157 943 1289 1016 Eusebii
1311 963 1342 1017 et

311 1047 507 1113 Theodoreti
538 1047 733 1134 apographis
756 1049 835 1114 haec
857 1048 1049 1135 interpolata
1077 1050 1184 1132 fuisse,
1217 1051 1340 1140 'aliquid

310 1160 417 1214 tamen
438 1148 514 1214 inde
535 1152 569 1212 in
588 1157 699 1212 nostra
719 1152 906 1235 quaestione
927 1152 1078 1216 efficitur:
1111 1155 1178 1217 sive
1199 1157 1341 1237 genuina

312 1261 361 1316 est
384 1251 463 1316 hacc
485 1250 586 1333 lectis,
624 1252 693 1314 sive
715 1250 891 1334 subditicia,
931 1254 1041 1340 utique
1066 1256 1256 1341 perantiqua
1278 1265 1340 1340 est;

305 1352 436 1417 codices
457 1359 573 1433 autem,
605 1354 660 1437 qui
683 1375 753 1417 eam
775 1356 941 1430 servarint,
968 1377 1032 1419 non
1055 1377 1232 1442 possumus,
1262 1359 1340 1443 quin
1439 1377 1441 1382 ·

311 1453 485 1538 singularia
508 1452 668 1541 quaedam
690 1465 722 1518 et
744 1456 877 1541 antiqua
901 1478 1054 1539 servasse,
1086 1457 1251 1528 fateamur.
1425 1461 1429 1470 “

296 1543 301 1551 ’
394 1555 468 1619 Jam
486 1555 530 1619 H.
551 1551 626 1638 159,
646 1552 782 1630 11;—16.
803 1553 913 1638 (874b)
936 1556 1036 1638 verba
1055 1558 1197 1624 Platonis
1218 1563 1251 1624 in
1275 1585 1338 1626 om·
1390 1616 1394 1623 .
1423 1544 1426 1551 Ι

309 1645 415 1739 nibus,
450 1657 538 1744 quod
566 1656 696 1743 quidem
719 1667 895 1741 enarratur,
934 1657 1027 1724 codd.
1056 1661 1340 1730 misere'mutilata

310 1769 342 1826 et
361 1760 527 1824 decurtata
548 1769 635 1842 sunt3
670 1759 821 1845 leguntur
844 1762 930 1824 enim
953 1761 1045 1825 haec:
1091 1762 1128 1824 οὐ
1152 1765 1258 1848 κυρίως
1279 1767 1337 1828 κεί-

310 1887 398 1948 μενος
426 1861 552 1924 καὶτὰ
580 1873 722 1924 τοιαῦτα
744 1863 831 1949 μέχρι
859 1860 987 1926 τούτων
1009 1857 1108 1938 οὕτως
1131 1865 1274 1950 (vulgata
1304 1870 1337 1932 in

310 1965 455 2048 margine
474 1962 700 2028 nonnullorum
721 1964 912 2047 exhibetur),
940 1975 972 2029 at
993 1982 1059 2029 una
1080 1964 1203 2048 vocula,
1229 1990 1338 2054 quam-

310 2069 360 2132 vis
381 2088 447 2130 non
470 2064 643 2130 admodum
666 2069 758 2151 gravi
786 2066 840 2131 vel
871 2068 999 2152 optimis
1019 2066 1179 2153 pleniores
1202 2079 1232 2133 et
1254 2069 1341 2135 locu·

310 2168 461 2254 pletiores
484 2177 567 2248 sunt,
604 2167 719 2233 vocula
745 2168 817 2233 dico
842 2169 922 2252 ἡμῖν,
962 2178 1059 2255 quam
1082 2192 1194 2256 neque·
1209 2171 1339 2238 Vossia·
1431 2165 1437 2220 ἶ

311 2277 462 2335 nus'nec
483 2271 645 2334 Parisinus
677 2270 738 2334 hec
760 2271 936 2334 Vaticanus
970 2270 1133 2353 tenebant,
1169 2295 1340 2360 quamque,

310 2395 411 2463 quum
442 2372 631 2458 praesertim
664 2373 820 2458 corruptis
845 2382 878 2436 et
906 2395 1002 2436 sensu
1024 2375 1135 2438 vacuis
1159 2375 1265 2440 media
1292 2377 1361 2446 in-,

310 2476 465 2561 terposita
485 2476 533 2555 sit,
574 2494 679 2554 nemo,
720 2475 842 2559 opinor,
877 2474 913 2539 ut
933 2474 1126 2574 falsamgaut
1145 2479 1253 2542 nescio
1276 2501 1339 2565 quo

311 2573 455 2659 consilio,
494 2598 514 2638 a
541 2576 705 2661 quopiam·
715 2575 857 2640 additam
890 2578 924 2639 in
958 2579 1166 2662 suspitionem
1198 2579 1339 2645 vocabit.

310 2679 412 2743 Immo
444 2680 536 2765 cujus
567 2675 660 2740 nulla
674 2696 785 2741 'causa
815 2679 1025 2743 additamenti
1058 2682 1262 2764 conspicitur,
1305 2681 1339 2746 id

312 2782 531 2867 unusquisque
561 2782 727 2865 antiquum
760 2780 907 2866 adeoque
929 2804 1040 2860 verum
1069 2804 1139 2845 esse
1173 2783 1337 2849 concedet.

310 2884 419 2967 Atque
437 2891 543 2947 tuetur
563 2880 644 2945 illud
666 2882 736 2966 ἡμῖν
759 2904 798 2945 ea
819 2881 923 2965 lectio,
949 2906 1032 2970 quae
1054 2886 1086 2947 in
1110 2888 1256 2969 margine
1279 2888 1338 2953 Pa.-

311 2984 402 3048 risini
426 2995 458 3049 et
479 2984 628 3049 Vaticani
652 2994 682 3047 et
702 2983 821 3048 Veneti
844 2987 896 3066 (Ξ)
926 2987 1057 3049 inventa
1086 2995 1142 3067 est,
1179 3008 1340 3073 quamque
1451 3041 1457 3049 .

310 3095 422 3171 utpote
444 3108 553 3151 veram
569 3088 638 3171 jam
657 3085 713 3149 diu
735 3084 873 3151 editores
892 3086 1059 3171 vulgatam
1082 3110 1152 3151 esse
1175 3087 1337 3154 volebant.

399 3186 494 3249 Adde
516 3188 602 3272 quod
629 3183 977 3270 11.301,17(952d)‚
1015 3211 1209 3275 quamquam
1243 3190 1277 3253 in
1304 3212 1339 3255 re

313 3289 437 3352 minuta
460 3296 492 3351 et
517 3288 660 3374 parvula,
696 3292 794 3354 satius
818 3290 961 3355 scribunt
988 3313 1085 3377 quam
1107 3296 1136 3353 A
1159 3299 1190 3354 et
1211 3296 1250 3368 Ω,
1285 3288 1340 3355 ἐάν

313 3415 354 3452 τε
373 3392 405 3453 ἐν
425 3392 626 3477 δικαστηρέῳς
647 3415 760 3456 verum
782 3395 869 3456 enim
891 3403 948 3474 est,
972 3394 1058 3479 quod
1080 3392 1261 3479 Stephanus
1284 3417 1339 3481 po·
1448 3448 1451 3453 .

313 3494 383 3574 suit,
417 3490 473 3556 ἐοίν
490 3517 529 3576 γε
551 3496 586 3576 ἑο
603 3496 792 3579 δικαστηρίῳ
813 3494 1029 3581 (siquidem),-
1049 3518 1112 3581 quo
1134 3498 1265 3582 propius
1289 3518 1340 3561 ac·

312 3594 427 3659 cedere
448 3604 583 3681 apparet
600 3594 680 3659 illud
701 3621 753 3681 τε,
777 3596 865 3683 quod
885 3598 920 3659 in
940 3596 1150 3661 deterioribus
1172 3599 1339 3683 reperitur,
1361 3656 1363 3661 .

313 3719 411 3783 quam
433 3696 527 3761 lectio
549 3696 651 3762 altera
670 3698 726 3761 ἐάν
744 3700 778 3761 δέ
800 3699 853 3776 (cf.
877 3721 976 3784 supra
999 3721 1030 3784 p.
1050 3694 1125 3780 53.).

399 3798 497 3878 Quod
521 3798 661 3885 denique
693 3800 736 3864 Π.
761 3798 853 3883 l0,5
875 3795 982 3880 (822e)
1012 3810 1096 3864 recte
1129 3806 1203 3879 (see.
1227 3800 1339 3865 Herm.

313 3912 346 3965 et
366 3899 493 3983 Stallb.)
524 3900 667 3965 scribunt
696 3912 758 3963 τοῦ
785 3902 965 3987 νομοθέτου
999 3906 1252 3986 νομοθετοῦντος
1283 3924 1340 3987 pro

312 4013 374 4065 τοῦ
396 4007 649 4086 νομοθετοῦντος
673 4003 727 4083 (de
755 4003 848 4072 codd.
873 4003 1005 4090 quidem
1026 4009 1055 4077 A
1078 4013 1110 4068 et
1130 4008 1160 4065 Ω
1183 4002 1263 4067 nihil
1294 4026 1342 4068 re·

313 4104 374 4169 fert
394 4103 524 4186 Bekkq
561 4104 595 4169 id
626 4115 662 4169 ut
695 4106 729 4169 in
765 4107 804 4169 iis
838 4104 985 4171 omnibus
1020 4107 1104 4187 insit,
1148 4114 1257 4170 tamen
1290 4128 1344 4169 ne-

314 4207 388 4282 scio,
424 4227 467 4275 an
498 4209 667 4271 correctori
701 4207 798 4271 alicui
827 4206 937 4271 deberi
967 4209 1078 4293 possit.
1132 4206 1239 4292 Atque
1261 4206 1343 4271 haec

314 4306 445 4394 quidem
477 4310 659 4374 communia
685 4308 811 4374 illorum
834 4318 908 4373 sunt
930 4317 1083 4399 tantoque
1114 4309 1277 4373 mentione
1299 4306 1344 4372 di·
1403 4334 1408 4343 ’
1514 4304 1517 4311 ’

314 4411 438 4493 gniora,
469 4418 587 4496 quanto
610 4410 728 4495 singuli
748 4412 876 4499 saepius
897 4412 931 4474 in
952 4412 1057 4475 omnia
1079 4410 1167 4477 abire
1190 4418 1222 4475 et
1244 4409 1343 4473 disce-

315 4510 391 4576 dere
413 4510 526 4581 solent.
561 4511 765 4600 Quamquam
788 4513 908 4596 nescio,
931 4535 972 4578 an
994 4512 1155 4600 aliquanto
1179 4510 1282 4598 major
1302 4520 1346 4577 ta-
