3567 5500
789 776 852 847 109
930 736 961 821 ’-

308 965 498 1035 lectionibus
525 968 593 1034 sive
625 968 659 1033 in
686 972 833 1054 margine
864 971 935 1035 sive
963 969 1047 1033 inter
1078 990 1190 1034 versus
1212 966 1337 1033 insertis
1374 974 1379 979 '

284 1086 286 1090 '
307 1073 413 1137 ubivis
436 1082 530 1137 aucto
549 1094 588 1136 ac
607 1094 711 1157 paene
731 1072 860 1137 referto.
897 1072 986 1153 Erat,
1011 1081 1046 1136 ut
1060 1070 1207 1153 vidimus,
1231 1068 1338 1134 lectio-

307 1198 386 1238 num
410 1174 576 1256 diversitas
605 1173 768 1239 uberrima
799 1198 837 1240 eo
863 1174 991 1256 collata,
1031 1196 1073 1238 ex
1103 1181 1193 1259 parte
1217 1172 1336 1237 levium

309 1286 340 1340 et
361 1276 512 1357 futilium,
552 1300 591 1340 ex
614 1286 704 1361 parte
726 1279 933 1363 antiquarum
954 1286 986 1342 et
1007 1275 1177 1340 bonarum.
1235 1274 1354 1357 Lege·'

308 1380 425 1443 bantur
458 1378 688 1463 explicationes
718 1389 750 1443 ct
777 1378 1010 1444 vocabulorum
1035 1387 1066 1441 et
1089 1378 1337 1457 sententiarum3

309 1480 500 1564 legebantur
523 1480 662 1566 deniqne
690 1477 957 1567 interpolamenta
987 1489 1018 1545 et
1047 1487 1234 1543 ornamenta
1265 1479 1337 1541 scri-

307 1584 408 1684 ptoris
429 1581 664 1646 verbis'affixa.
710 1581 836 1647 sedne
857 1583 937 1647 haec
956 1581 1087 1669 quidem
1108 1583 1217 1643 omnia
1240 1590 1337 1644 erant.

308 1685 452 1771 Apparet
479 1685 563 1749 enim
588 1686 700 1765 exiis,
739 1683 888 1769 quaeda
916 1682 1218 1769 transpositionibus
1242 1682 1338 1745 disse·
1401 1712 1415 1739 ·

308 1789 439 1868 mrinrus,
463 1810 528 1851 non
551 1796 676 1851 tantum
699 1784 806 1851 aliena
826 1787 861 1849 in
883 1789 1027 1871 margine
1049 1785 1136 1849 illius
1160 1782 1339 1871 apographi

309 1888 453 1975 deposita
475 1887 582 1969 fuisse,
605 1874 680 1952 ⁸sed
702 1890 798 1952 ctiam
820 1911 896 1953 vere
918 1888 1093 1969 Platonica,
1125 1878 1271 1970 ‘integros
1293 1882 1338 1949 lo·

301 2012 373 2073 cos,
411 1992 466 2076 qui
496 1992 529 2055 in
559 1991 658 2075 ipsius
681 1990 865 2076 apographi
897 1992 1026 2075 paginis
1059 1990 1167 2052 nescio
1200 2010 1264 2074 qua
1296 1986 1337 2051 dc

310 2115 409 2157 causa
440 2078 549 2169 omissi
578 2092 715 2175 fuerant,
732 2127 735 2131 ·
752 2116 772 2157 a
801 2092 947 2176 diligenti
980 2090 1121 2179 quodam
1145 2091 1273 2153 homine
1300 2111 1338 2152 ac

310 2195 393 2259 bene
424 2193 572 2280 profecto
595 2195 635 2279 dc
655 2195 791 2259 Platone
815 2197 938 2276 merito,
974 2204 1100 2279 postea,
1119 2190 1230 2257 sedulo
1260 2190 1338 2257 illuc

310 2297 466 2362 adductos
488 2296 595 2361 fuisse.
651 2296 725 2362 Hoc
745 2299 845 2381 igitur
866 2295 1052 2383 apographo
1074 2318 1152 2359 usus
1175 2303 1223 2359 est
1243 2293 1338 2359 libra-

310 2400 377 2463 rius
400 2399 575 2485 archetypi,
597 2398 653 2462 sed
675 2393 757 2464 miro
774 2395 916 2485 quodam
938 2397 1034 2463 modo
1055 2420 1190 2463 munere
1208 2396 1266 2463 ille
1281 2418 1337 2460 suo

310 2500 515 2586 fungebatur.
561 2500 732 2580 Quoniam·
745 2503 838 2581 enim,
867 2512 1022 2589 quantum
1042 2500 1197 2581 videmus,
1221 2498 1338 2564 littera·

311 2627 387 2690 rum*
410 2603 540 2667 illarum
565 2604 662 2689 plane
684 2602 774 2667 rudis
793 2612 824 2667 et
845 2605 1012 2689 imperitus
1036 2612 1105 2666 erat
1135 2623 1240 2688 neque
1263 2602 1338 2665 scri,-

262 2731 265 2743 ·
312 2708 414 2792 ptoris
450 2705 649 2787 voluntatem
683 2707 917 2773 sententiamve
949 2705 1068 2792 ubique
1104 2705 1178 2770 satis
1219 2704 1339 2790 perspi-

241 2799 247 2811 ”
314 2809 423 2892 ciebat,
448 2809 590 2894 profecto
612 2809 696 2874 illius
716 2809 844 2893 generis
866 2809 1043 2894 apographi
1064 2806 1264 2873 describendi
1283 2828 1339 2870 ne·

253 2967 255 2972 .
314 2912 399 2994 gotio
431 2921 495 2975 tam
531 2911 654 2978 difficili
685 2922 717 2976 et
749 2913 896 2976 intricato
931 2911 1063 2974 minime
1096 2919 1164 2974 erat
1196 2910 1337 2974 idoneus.

313 3011 410 3078 Nullo
433 3015 531 3098 igitur
545 3012 729 3079 discrimine
749 3015 854 3093 varias
873 3011 1039 3095 lectiones,
1061 3011 1339 3098 interpolamenta,

314 3115 543 3200 explicationes
571 3117 680 3180 omnia
708 3116 847 3178 miscens
868 3136 909 3178 ac
929 3115 1062 3184 turbans
1092 3113 1286 3198 congerebat
1309 3122 1340 3176 et

314 3216 562 3304 conglutinabat.
595 3218 699 3282 Locos
718 3227 822 3282 autem
844 3218 1115 3302 scriptoris,'qucs
1135 3239 1176 3279 ex
1197 3215 1339 3300 margine

312 3308 346 3382 in
370 3320 515 3384 ordinem
544 3318 750 3407 recipiendos
773 3342 843 3384 esse
867 3320 1040 3406 perspexit,
1076 3317 1156 3382 falso
1179 3316 1250 3384 loco
1273 3339 1338 3380 non

312 3445 386 3488 raro
408 3423 642 3508 interponebat.
685 3422 777 3486 Illius
806 3423 904 3507 igitur
925 3421 1150 3486 homuncionis
1173 3417 1339 3504 negligen-

312 3526 357 3588 tia
372 3533 403 3588 et
426 3527 582 3612 imperitia
602 3526 723 3590 factum
744 3534 801 3606 est,
831 3533 868 3593 ut
878 3523 1023 3588 Platonis
1048 3520 1121 3586 libri
1145 3521 1186 3584 de
1197 3520 1339 3606 Legibus

312 3635 379 3690 tam
398 3625 518 3710 infecti,
555 3629 705 3714 corrupti,
744 3624 927 3722 interpolati
952 3624 993 3689 ad
1021 3633 1165 3710 posteros
1186 3617 1340 3708 pervene—

311 3730 386 3796 rint.
687 3745 691 3752 ’
