3567 5500
275 1055 281 1060 .
330 1000 389 1072 tos,
413 1012 505 1056 novo
528 988 676 1077 exemplo
701 990 883 1054 confirmari
903 986 1076 1071 existimat3
1113 998 1245 1053 atvero
1269 994 1360 1053 caute

331 1093 523 1179 optimorum
537 1092 695 1158 librorum
709 1093 897 1157 auctoritate
913 1113 982 1157 esse
994 1091 1160 1156 utendum.
1205 1091 1249 1155 At
1263 1112 1360 1177 quae-

332 1218 378 1278 so,
413 1196 440 1259 si
463 1197 589 1281 optimis
616 1180 718 1276 caute,
756 1217 798 1259 an
821 1204 992 1281 propterea
1014 1193 1226 1258 deterioribus
1248 1215 1360 1257 manu·
1392 1180 1394 1185 ⁵

332 1298 460 1382 scriptis
483 1296 537 1362 vel
567 1296 758 1362 editionibus
782 1295 979 1361 confidenter
1000 1294 1151 1361 utamur?
1196 1297 1287 1376 Quae
1308 1296 1362 1360 via
1419 1333 1422 1337 -
1503 1372 1514 1379 „

332 1403 446 1465 vereor
468 1408 504 1462 ut
520 1409 610 1464 recte
632 1402 682 1467 sit.
742 1399 806 1463 Sed
827 1422 885 1485 per
906 1399 1043 1484 optimos
1064 1397 1163 1463 libros
1187 1398 1229 1462 ad
1252 1396 1362 1461 arche-

331 1503 400 1588 typi
423 1501 576 1565 lectiones
598 1502 721 1565 recurri
743 1499 848 1565 debet.
895 1500 1020 1580 Quodsi
1044 1500 1253 1580 ostendimus,
1284 1507 1362 1584 quot

332 1625 453 1690 pravae
468 1604 666 1690 repetitionis
688 1601 823 1668 maculis
839 1603 908 1688 jam
929 1601 985 1666 ille
999 1601 1103 1667 codex
1124 1622 1273 1687 aspersus
1293 1600 1361 1665 fue·

227 1742 231 1748 ·
332 1706 382 1786 rit,
420 1727 485 1769 non
508 1727 529 1768 a
547 1728 624 1770 vero
646 1704 876 1785 aberrabimus,
913 1704 940 1767 si
961 1706 1058 1768 etiam
1081 1704 1143 1774 hoc
1171 1702 1242 1767 loco
1264 1702 1362 1767 medi-

334 1810 441 1871 cinam
462 1807 652 1893 adaptamus
679 1806 806 1889 morb03
840 1805 1039 1890 τυγχάνουσι
1060 1807 1218 1891 igiturex
1242 1802 1363 1890 τυγχά·

333 1935 392 1986 νεις
410 1909 479 1991 illo,
492 1908 590 1995 ⁴quod
606 1908 773 1991 antecedit,
796 1908 860 1972 huc
874 1909 1075 1993 immigrasse
1084 1908 1278 1996 judicamus,
1300 1910 1362 1994 pri-

333 2036 431 2094 mum,
454 2012 638 2093 utvidetur,
659 2010 772 2094 forma,
795 2034 893 2097 quam
914 2019 1009 2075 antea
1029 2010 1149 2093 habuit,
1174 2010 1289 2075 deinde
1310 2033 1363 2074 au-

333 2125 398 2180 tem
433 2114 710 2211 accommodatum
745 2135 831 2180 novo
873 2113 955 2178 loce.
1016 2112 1130 2199 Neque
1163 2122 1273 2177 tamen
1307 2113 1362 2178 ab·

334 2239 443 2298 nuam,
468 2218 494 2280 si
515 2218 588 2302 quis
611 2240 630 2280 a
651 2210 754 2281 scriba
776 2214 863 2279 male
888 2215 1056 2298 industrio,
1086 2217 1142 2301 qui
1165 2217 1199 2279 in
1221 2216 1364 2279 nomina

334 2321 412 2401 tivo,
447 2317 594 2384 absolute
625 2320 728 2404 posito
753 2317 933 2400 offenderit,
968 2318 1009 2381 ad
1041 2320 1245 2405 participium
1277 2314 1364 2393 ὄντες

334 2419 612 2507 exsuperioribus
632 2420 826 2507 adscriptum
846 2442 916 2484 esse
938 2420 1051 2486 malit.⁴
1081 2421 1126 2485 At
1149 2424 1233 2485 enim
1254 2420 1288 2485 hi
1308 2422 1364 2485 nol

335 2525 480 2587 minativi
502 2545 576 2586 cum
599 2525 634 2587 in
654 2532 720 2588 toto
743 2522 806 2586 hoc
836 2544 954 2607 genere
978 2522 1011 2585 in
1036 2544 1097 2587 usu
1119 2522 1259 2605 fuerunt,
1296 2532 1363 2587 tum

335 2625 398 2708 hic,
431 2622 532 2712 quare
560 2627 696 2710 scriptor
716 2624 758 2689 ad
784 2624 875 2688 illam
910 2626 1178 2690 constructionem
1206 2646 1363 2711 usurpan-
1458 2648 1462 2657 ·

338 2727 411 2791 dam
433 2736 599 2814 permotus
623 2728 671 2809 sit,
695 2726 791 2792 facile
811 2735 860 2791 est
880 2726 1054 2813 explicatu.
1097 2726 1180 2792 Nam
1203 2728 1230 2792 si
1250 2749 1365 2792 anaco-
1466 2797 1469 2804 ,

291 2899 295 2907 ,
339 2828 440 2893 luthia
461 2831 577 2894 evitata
600 2830 733 2894 dixisset
754 2839 811 2892 νῦν
830 2829 863 2891 δὲ
886 2825 974 2905 ὄντες
993 2826 1180 2916 πάμπολλοι
1203 2837 1251 2893 dra
1271 2835 1364 2908 χαλε-

340 2927 474 3017 πώτεροι
498 2925 539 2996 ἂν
561 2932 631 3007 εἶεν,
654 2942 835 2997 accuratam
859 2933 1013 2996 enuntiati
1035 2931 1171 2997 formam
1196 2943 1364 3016 servasset,

340 3036 516 3098 sententiae
529 3043 719 3099 tamennon
732 3034 946 3121 satisfecisset,
969 3058 1034 3121 qua
1047 3038 1080 3099 in
1101 3025 1192 3100 tanta
1207 3037 1365 3122 quaestio-

340 3158 419 3199 num
440 3135 643 3201 multitudine
664 3159 730 3201 non
751 3135 896 3222 singulas
911 3138 1049 3202 rationes
1066 3137 1261 3202 difficiliores
1282 3136 1363 3220 fieri,

312 3263 316 3268 ·
341 3237 398 3301 sed
419 3247 521 3301 totum
536 3240 694 3304 rationem
715 3239 813 3303 dandi
835 3241 1002 3324 negotium
1020 3239 1169 3326 impediri
1194 3239 1299 3304 dicere
1312 3262 1368 3305 vo·

340 3338 435 3404 lebat.
480 3340 677 3405 Utrumlibet
700 3342 797 3425 igitur
817 3341 1004 3427 praefertur,
1038 3340 1235 3426 τυγχάνουσι
1255 3345 1365 3430 utique

338 3442 415 3506 hinc
440 3442 670 3507 eliminandum
692 3452 750 3507 est.
806 3442 957 3508 Ceterum
978 3445 1154 3531 particulae
1176 3439 1230 3508 ὅτε
1251 3467 1292 3510 ne
1316 3469 1365 3510 ra·

339 3545 458 3608 tionem
482 3545 612 3631 q‘uidem
644 3546 771 3629 inimus,
808 3548 884 3633 quia
914 3547 955 3611 ab
979 3549 1107 3634 optimis
1131 3548 1293 3613 codicibus
1319 3557 1366 3612 est

339 3645 454 3710 aliena.
490 3643 603 3723 Ὄντες
624 3657 730 3712 autem
751 3647 921 3734 abaliquo
951 3647 1095 3714 additum
1118 3673 1199 3732 esse,
1234 3669 1367 3714 never-

339 3747 388 3812 bis
409 3747 492 3835 [ὅτε]
516 3748 705 3835 πάμπολλοι
723 3747 923 3834 τυγχάνουσι
945 3751 1147 3838 participium
1171 3751 1262 3834 desit,
1286 3755 1367 3816 veri·
1472 3835 1476 3848 .

339 3849 491 3916 dissimile
509 3861 567 3934 est,
587 3855 664 3939 quia
684 3873 758 3916 cum
779 3853 867 3940 apud
888 3853 978 3936 alios,
1000 3863 1069 3918 tum
1089 3854 1178 3940 apud
1198 3852 1366 3920 Platonem

338 3951 508 4037 τυγχάνειν
530 3955 709 4041 participio,
735 3977 802 4019 non
836 3955 962 4042 adjecto
992 3956 1092 4043 plane
1123 3957 1275 4022 usitatum
1303 3967 1366 4040 est3

338 4055 411 4119 vide
442 4054 554 4121 Stallb.
578 4057 628 4122 ad.
652 4057 683 4121 h.
709 4056 730 4121 l.
764 4068 796 4122 et
829 4059 889 4123 Ast
909 4057 972 4122 lex.
994 4057 1075 4123 Plat.
1095 4059 1138 4127 H.
1160 4053 1234 4125 421.
1294 4057 1366 4138 Quo

338 4158 443 4221 minus
466 4157 607 4246 aliquem
629 4161 663 4222 in
684 4179 745 4224 usu
771 4159 827 4224 illo
850 4161 1023 4225 offendisse
1046 4159 1203 4226 credibile
1224 4172 1281 4244 est,
1312 4183 1367 4225 ne-

339 4257 416 4324 dum
437 4264 623 4347 posterioris
647 4264 761 4326 aetatis
783 4262 932 4327 scribam.

422 4362 506 4446 dam,
528 4364 630 4446 vides,
652 4364 695 4428 ad
717 4363 853 4429 alterum
874 4363 1164 4431 additamentorum
1185 4388 1287 4450 genus
1305 4377 1367 4432 tra-

340 4464 494 4549 ducimur,
526 4465 613 4553 quod
635 4467 670 4529 in
693 4468 1051 4554 interpretamentis
1075 4477 1252 4534 versaturz·
1297 4517 1300 4524 .

422 4590 497 4655 pag.
520 4563 612 4634 666ss
641 4567 891 4655 τετταράκοντα
911 4569 946 4632 δὲ
979 4571 1187 4656 tardabam
1221 4579 1301 4639 dcciv
1334 4575 1367 4639 ἐν
