<?xml version="1.0" encoding="UTF-8"?>
<!DOCTYPE html PUBLIC "-//W3C//DTD XHTML 1.0 Transitional//EN"
    "http://www.w3.org/TR/xhtml1/DTD/xhtml1-transitional.dtd">
<html xmlns="http://www.w3.org/1999/xhtml" xml:lang="en" lang="en">
 <head>
  <title>
</title>
<meta http-equiv="Content-Type" content="text/html;charset=utf-8" />
  <meta name='ocr-system' content='tesseract 3.04.00' />
  <meta name='ocr-capabilities' content='ocr_page ocr_carea ocr_par ocr_line ocrx_word'/>
</head>
<body>
  <div class='ocr_page' id='page_1' title='image "./quaestionescrit00peipgoog_0080.png"; bbox 0 0 3567 5500; ppageno 0'>
   <div class='ocr_carea' id='block_1_1' title="bbox 894 744 987 820">
    <p class='ocr_par' dir='ltr' id='par_1_1' title="bbox 894 744 987 820">
     <span class='ocr_line' id='line_1_1' title="bbox 894 744 987 820; baseline 0.011 -1"><span class='ocrx_word' id='word_1_1' title='bbox 894 813 898 819; x_wconf 87' lang='lat'>.</span> <span class='ocrx_word' id='word_1_2' title='bbox 945 744 987 820; x_wconf 83' lang='lat'><strong>68</strong></span> 
     </span>
    </p>
   </div>
   <div class='ocr_carea' id='block_1_2' title="bbox 446 930 1478 1335">
    <p class='ocr_par' dir='ltr' id='par_1_2' title="bbox 446 930 1478 1335">
     <span class='ocr_line' id='line_1_2' title="bbox 446 930 1476 1031; baseline -0.004 -22"><span class='ocrx_word' id='word_1_3' title='bbox 446 939 594 1031; x_wconf 71' lang='lat' dir='ltr'><strong>inquam,</strong></span> <span class='ocrx_word' id='word_1_4' title='bbox 631 930 696 1006; x_wconf 76' lang='grc' dir='ltr'><strong>ὅσοι</strong></span> <span class='ocrx_word' id='word_1_5' title='bbox 716 940 750 1004; x_wconf 80' lang='grc' dir='ltr'><strong>δι’</strong></span> <span class='ocrx_word' id='word_1_6' title='bbox 772 963 820 1017; x_wconf 85' lang='grc' dir='ltr'><strong>τις</strong></span> <span class='ocrx_word' id='word_1_7' title='bbox 841 977 882 1030; x_wconf 87' lang='lat'><strong>·.··</strong></span> <span class='ocrx_word' id='word_1_8' title='bbox 904 937 1049 1025; x_wconf 76' lang='grc' dir='ltr'><strong>βλοίπτιυ</strong></span> <span class='ocrx_word' id='word_1_9' title='bbox 1094 937 1326 1027; x_wconf 71' lang='lat' dir='ltr'><strong>conjunctivus</strong></span> <span class='ocrx_word' id='word_1_10' title='bbox 1360 946 1476 1017; x_wconf 78' lang='lat' dir='ltr'>autem,</span> 
     </span>
     <span class='ocr_line' id='line_1_3' title="bbox 450 1040 1476 1134; baseline -0.005 -23"><span class='ocrx_word' id='word_1_11' title='bbox 450 1048 522 1134; x_wconf 87' lang='lat' dir='ltr'><strong>quis</strong></span> <span class='ocrx_word' id='word_1_12' title='bbox 545 1055 602 1129; x_wconf 86' lang='lat' dir='ltr'>est,</span> <span class='ocrx_word' id='word_1_13' title='bbox 628 1046 709 1132; x_wconf 90' lang='lat' dir='ltr'><strong>quin</strong></span> <span class='ocrx_word' id='word_1_14' title='bbox 728 1043 849 1126; x_wconf 79' lang='lat' dir='ltr'>videat,</span> <span class='ocrx_word' id='word_1_15' title='bbox 877 1065 976 1130; x_wconf 83' lang='lat' dir='ltr'><strong>quem</strong></span> <span class='ocrx_word' id='word_1_16' title='bbox 997 1041 1094 1109; x_wconf 82' lang='lat' dir='ltr'><strong>facile</strong></span> <span class='ocrx_word' id='word_1_17' title='bbox 1115 1041 1167 1107; x_wconf 94' lang='lat' dir='ltr'><strong>hic</strong></span> <span class='ocrx_word' id='word_1_18' title='bbox 1188 1063 1328 1130; x_wconf 80' lang='lat' dir='ltr'><strong>quoque,</strong></span> <span class='ocrx_word' id='word_1_19' title='bbox 1351 1050 1399 1107; x_wconf 92' lang='lat' dir='ltr'><strong>tot</strong></span> <span class='ocrx_word' id='word_1_20' title='bbox 1419 1040 1476 1129; x_wconf 85' lang='lat' dir='ltr'><strong>hy-</strong></span> 
     </span>
     <span class='ocr_line' id='line_1_4' title="bbox 449 1134 1478 1235; baseline -0.005 -21"><span class='ocrx_word' id='word_1_21' title='bbox 449 1148 622 1235; x_wconf 85' lang='lat' dir='ltr'><strong>potheticis</strong></span> <span class='ocrx_word' id='word_1_22' title='bbox 643 1145 783 1233; x_wconf 82' lang='lat' dir='ltr'>periodis</span> <span class='ocrx_word' id='word_1_23' title='bbox 806 1144 1070 1211; x_wconf 82' lang='lat' dir='ltr'>antecedentibus</span> <span class='ocrx_word' id='word_1_24' title='bbox 1085 1154 1117 1211; x_wconf 87' lang='lat' dir='ltr'><strong>ct</strong></span> <span class='ocrx_word' id='word_1_25' title='bbox 1129 1134 1348 1231; x_wconf 79' lang='lat' dir='ltr'><strong>sequentibus,</strong></span> <span class='ocrx_word' id='word_1_26' title='bbox 1369 1166 1390 1209; x_wconf 82' lang='lat' dir='ltr'>a</span> <span class='ocrx_word' id='word_1_27' title='bbox 1404 1145 1478 1209; x_wconf 89' lang='lat' dir='ltr'><strong>scri-</strong></span> 
     </span>
     <span class='ocr_line' id='line_1_5' title="bbox 449 1246 1477 1335; baseline -0.002 -20"><span class='ocrx_word' id='word_1_28' title='bbox 449 1249 493 1317; x_wconf 81' lang='lat' dir='ltr'><strong>ba</strong></span> <span class='ocrx_word' id='word_1_29' title='bbox 511 1249 621 1317; x_wconf 85' lang='lat' dir='ltr'><strong>inferri</strong></span> <span class='ocrx_word' id='word_1_30' title='bbox 640 1246 802 1335; x_wconf 87' lang='lat' dir='ltr'>potuerit?</span> <span class='ocrx_word' id='word_1_31' title='bbox 836 1247 951 1335; x_wconf 83' lang='lat' dir='ltr'>Neque</span> <span class='ocrx_word' id='word_1_32' title='bbox 974 1246 1066 1313; x_wconf 83' lang='lat' dir='ltr'>aliter</span> <span class='ocrx_word' id='word_1_33' title='bbox 1085 1258 1270 1335; x_wconf 75' lang='lat' dir='ltr'><strong>comparate</strong></span> <span class='ocrx_word' id='word_1_34' title='bbox 1289 1256 1372 1330; x_wconf 83' lang='lat' dir='ltr'><strong>sust,</strong></span> <span class='ocrx_word' id='word_1_35' title='bbox 1394 1268 1477 1335; x_wconf 82' lang='lat' dir='ltr'>quae</span> 
     </span>
    </p>
   </div>
   <div class='ocr_carea' id='block_1_3' title="bbox 448 1342 1597 1437">
    <p class='ocr_par' dir='ltr' id='par_1_3' title="bbox 448 1342 1597 1437">
     <span class='ocr_line' id='line_1_6' title="bbox 448 1342 1597 1437; baseline -0.001 -22"><span class='ocrx_word' id='word_1_36' title='bbox 448 1350 600 1437; x_wconf 79' lang='lat' dir='ltr'>leguntur</span> <span class='ocrx_word' id='word_1_37' title='bbox 617 1345 725 1417; x_wconf 74' lang='grc' dir='ltr'><strong>728Α</strong></span> <span class='ocrx_word' id='word_1_38' title='bbox 746 1343 884 1435; x_wconf 76' lang='grc' dir='ltr'><strong>ὅςάπερ</strong></span> <span class='ocrx_word' id='word_1_39' title='bbox 913 1342 954 1413; x_wconf 87' lang='grc' dir='ltr'><strong>άν</strong></span> <span class='ocrx_word' id='word_1_40' title='bbox 975 1348 1144 1434; x_wconf 61' lang='grc' dir='ltr'><strong>νομοθέτης</strong></span> <span class='ocrx_word' id='word_1_41' title='bbox 1166 1388 1208 1399; x_wconf 91' lang='lat'><em>-</em></span> <span class='ocrx_word' id='word_1_42' title='bbox 1229 1348 1351 1435; x_wconf 72' lang='grc' dir='ltr'><strong>τάττῃ,</strong></span> <span class='ocrx_word' id='word_1_43' title='bbox 1373 1389 1414 1399; x_wconf 92' lang='lat'>-</span> <span class='ocrx_word' id='word_1_44' title='bbox 1436 1346 1476 1435; x_wconf 70' lang='grc' dir='ltr'><strong>μὴ</strong></span> <span class='ocrx_word' id='word_1_45' title='bbox 1591 1351 1597 1367; x_wconf 84' lang='grc'><strong>”</strong></span> 
     </span>
    </p>
   </div>
   <div class='ocr_carea' id='block_1_4' title="bbox 343 1448 1543 4627">
    <p class='ocr_par' dir='ltr' id='par_1_4' title="bbox 412 1448 1478 2649">
     <span class='ocr_line' id='line_1_7' title="bbox 448 1448 1477 1541; baseline 0 -24"><span class='ocrx_word' id='word_1_46' title='bbox 448 1454 548 1539; x_wconf 69' lang='grc' dir='ltr'><strong>ἐθέλῃ.</strong></span> <span class='ocrx_word' id='word_1_47' title='bbox 582 1452 745 1540; x_wconf 82' lang='lat' dir='ltr'><strong>Scriptum</strong></span> <span class='ocrx_word' id='word_1_48' title='bbox 764 1452 877 1535; x_wconf 85' lang='lat' dir='ltr'>fuerat,</span> <span class='ocrx_word' id='word_1_49' title='bbox 899 1453 933 1516; x_wconf 89' lang='lat' dir='ltr'><strong>ni</strong></span> <span class='ocrx_word' id='word_1_50' title='bbox 956 1450 1060 1534; x_wconf 77' lang='lat' dir='ltr'><strong>fallor,</strong></span> <span class='ocrx_word' id='word_1_51' title='bbox 1082 1448 1122 1537; x_wconf 76' lang='grc' dir='ltr'><strong>μὴ</strong></span> <span class='ocrx_word' id='word_1_52' title='bbox 1137 1452 1242 1515; x_wconf 64' lang='grc' dir='ltr'><strong>ἐθέλει.</strong></span> <span class='ocrx_word' id='word_1_53' title='bbox 1277 1452 1317 1517; x_wconf 90' lang='lat' dir='ltr'><strong>In</strong></span> <span class='ocrx_word' id='word_1_54' title='bbox 1339 1472 1402 1541; x_wconf 88' lang='lat' dir='ltr'><strong>quo</strong></span> <span class='ocrx_word' id='word_1_55' title='bbox 1423 1472 1477 1517; x_wconf 88' lang='lat' dir='ltr'>ne-</span> 
     </span>
     <span class='ocr_line' id='line_1_8' title="bbox 449 1548 1477 1640; baseline -0.004 -19"><span class='ocrx_word' id='word_1_56' title='bbox 449 1558 518 1623; x_wconf 88' lang='lat' dir='ltr'><strong>scic</strong></span> <span class='ocrx_word' id='word_1_57' title='bbox 541 1579 584 1621; x_wconf 82' lang='lat' dir='ltr'><strong>un</strong></span> <span class='ocrx_word' id='word_1_58' title='bbox 614 1554 727 1621; x_wconf 86' lang='lat' dir='ltr'><strong>scribis</strong></span> <span class='ocrx_word' id='word_1_59' title='bbox 758 1553 839 1620; x_wconf 89' lang='lat' dir='ltr'><strong>illud</strong></span> <span class='ocrx_word' id='word_1_60' title='bbox 871 1550 911 1639; x_wconf 79' lang='grc' dir='ltr'><strong>μὴ</strong></span> <span class='ocrx_word' id='word_1_61' title='bbox 937 1576 964 1619; x_wconf 86' lang='lat' dir='ltr'><strong>c.</strong></span> <span class='ocrx_word' id='word_1_62' title='bbox 987 1553 1166 1621; x_wconf 83' lang='lat' dir='ltr'><strong>Indicetivo</strong></span> <span class='ocrx_word' id='word_1_63' title='bbox 1189 1554 1241 1635; x_wconf 79' lang='lat' dir='ltr'><strong>(cf.</strong></span> <span class='ocrx_word' id='word_1_64' title='bbox 1263 1548 1358 1620; x_wconf 86' lang='grc' dir='ltr'><strong>949Α</strong></span> <span class='ocrx_word' id='word_1_65' title='bbox 1379 1574 1477 1640; x_wconf 83' lang='lat' dir='ltr'><strong>supra</strong></span> 
     </span>
     <span class='ocr_line' id='line_1_9' title="bbox 448 1653 1477 1745; baseline -0.006 -18"><span class='ocrx_word' id='word_1_66' title='bbox 448 1680 521 1745; x_wconf 78' lang='lat' dir='ltr'><strong>pag.</strong></span> <span class='ocrx_word' id='word_1_67' title='bbox 544 1653 597 1738; x_wconf 87' lang='grc'><strong>66)</strong></span> <span class='ocrx_word' id='word_1_68' title='bbox 620 1657 833 1723; x_wconf 85' lang='lat' dir='ltr'>offensionem</span> <span class='ocrx_word' id='word_1_69' title='bbox 853 1655 987 1739; x_wconf 77' lang='lat' dir='ltr'>dederit,</span> <span class='ocrx_word' id='word_1_70' title='bbox 1011 1678 1075 1743; x_wconf 93' lang='lat' dir='ltr'><strong>quo</strong></span> <span class='ocrx_word' id='word_1_71' title='bbox 1098 1666 1207 1723; x_wconf 82' lang='lat' dir='ltr'>tamen</span> <span class='ocrx_word' id='word_1_72' title='bbox 1228 1655 1309 1721; x_wconf 88' lang='lat' dir='ltr'><strong>nihil</strong></span> <span class='ocrx_word' id='word_1_73' title='bbox 1331 1657 1477 1721; x_wconf 83' lang='lat' dir='ltr'><strong>usitatius</strong></span> 
     </span>
     <span class='ocr_line' id='line_1_10' title="bbox 447 1755 1477 1843; baseline -0.006 -18"><span class='ocrx_word' id='word_1_74' title='bbox 447 1762 482 1826; x_wconf 89' lang='lat' dir='ltr'><strong>in</strong></span> <span class='ocrx_word' id='word_1_75' title='bbox 501 1759 672 1829; x_wconf 81' lang='lat' dir='ltr'><strong>enuntiatis</strong></span> <span class='ocrx_word' id='word_1_76' title='bbox 694 1756 914 1843; x_wconf 74' lang='lat' dir='ltr'><strong>generalibus3</strong></span> <span class='ocrx_word' id='word_1_77' title='bbox 938 1756 977 1822; x_wconf 86' lang='lat' dir='ltr'><strong>cf.</strong></span> <span class='ocrx_word' id='word_1_78' title='bbox 991 1758 1131 1827; x_wconf 81' lang='lat' dir='ltr'>Phaedo.</span> <span class='ocrx_word' id='word_1_79' title='bbox 1155 1755 1229 1826; x_wconf 74' lang='lat' dir='ltr'><strong>&lt;tus</strong></span> <span class='ocrx_word' id='word_1_80' title='bbox 1250 1761 1335 1822; x_wconf 77' lang='grc' dir='ltr'><strong>δοκεῖ</strong></span> <span class='ocrx_word' id='word_1_81' title='bbox 1356 1758 1390 1843; x_wconf 67' lang='grc' dir='ltr'><strong>μέ</strong></span> <span class='ocrx_word' id='word_1_82' title='bbox 1411 1782 1477 1820; x_wconf 91' lang='grc' dir='ltr'><strong>που</strong></span> 
     </span>
     <span class='ocr_line' id='line_1_11' title="bbox 412 1856 1478 1947; baseline -0.006 -20"><span class='ocrx_word' id='word_1_83' title='bbox 412 1921 415 1927; x_wconf 91' lang='grc'>.</span> <span class='ocrx_word' id='word_1_84' title='bbox 448 1900 490 1913; x_wconf 82' lang='grc'><strong>-·-</strong></span> <span class='ocrx_word' id='word_1_85' title='bbox 510 1874 582 1938; x_wconf 83' lang='grc' dir='ltr'><strong>τοῖς</strong></span> <span class='ocrx_word' id='word_1_86' title='bbox 603 1865 737 1936; x_wconf 83' lang='grc' dir='ltr'><strong>πολλοῖς</strong></span> <span class='ocrx_word' id='word_1_87' title='bbox 759 1859 949 1947; x_wconf 65' lang='grc' dir='ltr'><strong>ἀνθρώποις,</strong></span> <span class='ocrx_word' id='word_1_88' title='bbox 989 1856 1012 1945; x_wconf 82' lang='grc' dir='ltr'><em>ᾧ</em></span> <span class='ocrx_word' id='word_1_89' title='bbox 1034 1861 1127 1946; x_wconf 79' lang='grc' dir='ltr'><strong>μηδὲν</strong></span> <span class='ocrx_word' id='word_1_90' title='bbox 1155 1857 1214 1937; x_wconf 69' lang='lat' dir='ltr'><strong>vitici</strong></span> <span class='ocrx_word' id='word_1_91' title='bbox 1234 1871 1302 1925; x_wconf 78' lang='grc' dir='ltr'><strong>τῶν</strong></span> <span class='ocrx_word' id='word_1_92' title='bbox 1322 1856 1478 1925; x_wconf 74' lang='grc' dir='ltr'><strong>τοιούτων</strong></span> 
     </span>
     <span class='ocr_line' id='line_1_12' title="bbox 447 1950 1477 2052; baseline -0.005 -23"><span class='ocrx_word' id='word_1_93' title='bbox 447 1965 521 2052; x_wconf 74' lang='grc' dir='ltr'><strong>μηδὲ</strong></span> <span class='ocrx_word' id='word_1_94' title='bbox 539 1963 659 2051; x_wconf 75' lang='grc' dir='ltr'><strong><em>μετέχει</em></strong></span> <span class='ocrx_word' id='word_1_95' title='bbox 681 1962 800 2041; x_wconf 77' lang='grc' dir='ltr'><strong>αὐτῶν,</strong></span> <span class='ocrx_word' id='word_1_96' title='bbox 823 1950 881 2027; x_wconf 75' lang='grc' dir='ltr'><strong>οὗκ</strong></span> <span class='ocrx_word' id='word_1_97' title='bbox 902 1959 990 2039; x_wconf 80' lang='grc' dir='ltr'><strong>ἄξιον</strong></span> <span class='ocrx_word' id='word_1_98' title='bbox 1011 1962 1092 2029; x_wconf 84' lang='grc' dir='ltr'><strong>εἶναι</strong></span> <span class='ocrx_word' id='word_1_99' title='bbox 1112 1964 1166 2049; x_wconf 75' lang='grc' dir='ltr'><strong>ζῇν</strong></span> <span class='ocrx_word' id='word_1_100' title='bbox 1181 1974 1213 2029; x_wconf 90' lang='lat' dir='ltr'>et</span> <span class='ocrx_word' id='word_1_101' title='bbox 1232 1986 1316 2050; x_wconf 84' lang='lat' dir='ltr'>resp.</span> <span class='ocrx_word' id='word_1_102' title='bbox 1338 1956 1477 2048; x_wconf 56' lang='lat' dir='ltr'><strong>§.357ss</strong></span> 
     </span>
     <span class='ocr_line' id='line_1_13' title="bbox 446 2059 1476 2152; baseline -0.005 -21"><span class='ocrx_word' id='word_1_103' title='bbox 446 2069 501 2131; x_wconf 69' lang='grc' dir='ltr'><strong>καὶ</strong></span> <span class='ocrx_word' id='word_1_104' title='bbox 527 2071 562 2131; x_wconf 81' lang='grc' dir='ltr'><strong>αἱ</strong></span> <span class='ocrx_word' id='word_1_105' title='bbox 586 2067 699 2142; x_wconf 69' lang='grc' dir='ltr'><strong>ἡδοναὶ</strong></span> <span class='ocrx_word' id='word_1_106' title='bbox 729 2059 805 2131; x_wconf 80' lang='grc' dir='ltr'><strong>ὅσαι</strong></span> <span class='ocrx_word' id='word_1_107' title='bbox 837 2065 984 2149; x_wconf 77' lang='grc' dir='ltr'><strong>ἀβλαβεῖς</strong></span> <span class='ocrx_word' id='word_1_108' title='bbox 1009 2067 1064 2129; x_wconf 84' lang='grc' dir='ltr'><strong>καὶ</strong></span> <span class='ocrx_word' id='word_1_109' title='bbox 1091 2066 1184 2152; x_wconf 80' lang='grc' dir='ltr'><strong>μηδὲν</strong></span> <span class='ocrx_word' id='word_1_110' title='bbox 1211 2069 1251 2142; x_wconf 87' lang='grc' dir='ltr'><strong>εἰς</strong></span> <span class='ocrx_word' id='word_1_111' title='bbox 1280 2061 1339 2129; x_wconf 77' lang='grc' dir='ltr'><strong>τὸν</strong></span> <span class='ocrx_word' id='word_1_112' title='bbox 1365 2072 1476 2128; x_wconf 73' lang='grc' dir='ltr'><strong>ἔπειτα</strong></span> 
     </span>
     <span class='ocr_line' id='line_1_14' title="bbox 447 2161 1476 2256; baseline -0.002 -23"><span class='ocrx_word' id='word_1_113' title='bbox 447 2166 560 2256; x_wconf 82' lang='grc' dir='ltr'><strong>χρόνον</strong></span> <span class='ocrx_word' id='word_1_114' title='bbox 581 2167 634 2233; x_wconf 80' lang='grc' dir='ltr'><strong>διά</strong></span> <span class='ocrx_word' id='word_1_115' title='bbox 656 2166 782 2244; x_wconf 75' lang='grc' dir='ltr'><strong>ταύτας</strong></span> <span class='ocrx_word' id='word_1_116' title='bbox 803 2169 948 2253; x_wconf 73' lang='grc' dir='ltr'><strong>ρι’γνεται</strong></span> <span class='ocrx_word' id='word_1_117' title='bbox 969 2161 1083 2245; x_wconf 77' lang='grc' dir='ltr'><strong>ἅλλοῆ</strong></span> <span class='ocrx_word' id='word_1_118' title='bbox 1104 2170 1222 2256; x_wconf 80' lang='grc' dir='ltr'><strong><em>χαίρειν</em></strong></span> <span class='ocrx_word' id='word_1_119' title='bbox 1238 2174 1357 2253; x_wconf 69' lang='grc' dir='ltr'><strong>ἔχοντα</strong></span> <span class='ocrx_word' id='word_1_120' title='bbox 1372 2167 1476 2255; x_wconf 76' lang='lat' dir='ltr'><strong>(plura</strong></span> 
     </span>
     <span class='ocr_line' id='line_1_15' title="bbox 446 2264 1475 2360; baseline -0.009 -19"><span class='ocrx_word' id='word_1_121' title='bbox 446 2272 534 2355; x_wconf 69' lang='lat' dir='ltr'><strong>side,</strong></span> <span class='ocrx_word' id='word_1_122' title='bbox 561 2273 615 2354; x_wconf 85' lang='lat' dir='ltr'><strong>sis,</strong></span> <span class='ocrx_word' id='word_1_123' title='bbox 652 2269 859 2357; x_wconf 65' lang='lat' dir='ltr'><strong>apuiAken</strong></span> <span class='ocrx_word' id='word_1_124' title='bbox 882 2268 917 2360; x_wconf 64' lang='grc' dir='ltr'><strong>ἓ.</strong></span> <span class='ocrx_word' id='word_1_125' title='bbox 937 2265 1012 2338; x_wconf 82' lang='lat'>218.</span> <span class='ocrx_word' id='word_1_126' title='bbox 1036 2281 1068 2338; x_wconf 86' lang='lat' dir='ltr'>et</span> <span class='ocrx_word' id='word_1_127' title='bbox 1087 2272 1238 2357; x_wconf 88' lang='lat' dir='ltr'>Krueger</span> <span class='ocrx_word' id='word_1_128' title='bbox 1259 2267 1310 2352; x_wconf 81' lang='grc'><strong>67,</strong></span> <span class='ocrx_word' id='word_1_129' title='bbox 1332 2269 1361 2353; x_wconf 94' lang='grc'><strong>1,</strong></span> <span class='ocrx_word' id='word_1_130' title='bbox 1385 2264 1417 2349; x_wconf 79' lang='grc'><strong>2)</strong></span> <span class='ocrx_word' id='word_1_131' title='bbox 1439 2269 1475 2333; x_wconf 93' lang='lat' dir='ltr'><strong>in</strong></span> 
     </span>
     <span class='ocr_line' id='line_1_16' title="bbox 447 2372 1475 2461; baseline -0.004 -22"><span class='ocrx_word' id='word_1_132' title='bbox 447 2372 563 2461; x_wconf 84' lang='lat' dir='ltr'><strong>quibus</strong></span> <span class='ocrx_word' id='word_1_133' title='bbox 578 2395 646 2439; x_wconf 91' lang='lat' dir='ltr'><strong>non</strong></span> <span class='ocrx_word' id='word_1_134' title='bbox 659 2374 776 2455; x_wconf 88' lang='lat' dir='ltr'><strong>minus,</strong></span> <span class='ocrx_word' id='word_1_135' title='bbox 801 2394 899 2461; x_wconf 83' lang='lat' dir='ltr'><strong>quam</strong></span> <span class='ocrx_word' id='word_1_136' title='bbox 918 2372 979 2439; x_wconf 89' lang='lat' dir='ltr'><strong>hoc</strong></span> <span class='ocrx_word' id='word_1_137' title='bbox 993 2396 1036 2439; x_wconf 86' lang='lat' dir='ltr'>ex</span> <span class='ocrx_word' id='word_1_138' title='bbox 1057 2373 1183 2460; x_wconf 84' lang='lat' dir='ltr'><strong>legibus</strong></span> <span class='ocrx_word' id='word_1_139' title='bbox 1203 2373 1274 2439; x_wconf 90' lang='lat' dir='ltr'><strong>loco</strong></span> <span class='ocrx_word' id='word_1_140' title='bbox 1291 2372 1384 2439; x_wconf 85' lang='lat' dir='ltr'><strong>certis</strong></span> <span class='ocrx_word' id='word_1_141' title='bbox 1406 2392 1475 2436; x_wconf 86' lang='lat' dir='ltr'>ver·</span> 
     </span>
     <span class='ocr_line' id='line_1_17' title="bbox 445 2470 1475 2565; baseline -0.005 -24"><span class='ocrx_word' id='word_1_142' title='bbox 445 2474 495 2541; x_wconf 84' lang='lat' dir='ltr'><strong>bis</strong></span> <span class='ocrx_word' id='word_1_143' title='bbox 510 2474 628 2541; x_wconf 68' lang='lat' dir='ltr'><strong>classes</strong></span> <span class='ocrx_word' id='word_1_144' title='bbox 649 2474 810 2562; x_wconf 78' lang='lat' dir='ltr'><strong>quaedam</strong></span> <span class='ocrx_word' id='word_1_145' title='bbox 830 2474 1013 2543; x_wconf 81' lang='lat' dir='ltr'><strong>indicantur</strong></span> <span class='ocrx_word' id='word_1_146' title='bbox 1034 2476 1142 2565; x_wconf 86' lang='lat' dir='ltr'><strong>idque,</strong></span> <span class='ocrx_word' id='word_1_147' title='bbox 1166 2486 1201 2540; x_wconf 88' lang='lat' dir='ltr'><strong>ut</strong></span> <span class='ocrx_word' id='word_1_148' title='bbox 1219 2497 1278 2562; x_wconf 81' lang='lat' dir='ltr'><strong>par</strong></span> <span class='ocrx_word' id='word_1_149' title='bbox 1300 2484 1357 2556; x_wconf 84' lang='lat' dir='ltr'>est,</span> <span class='ocrx_word' id='word_1_150' title='bbox 1380 2470 1475 2537; x_wconf 85' lang='lat' dir='ltr'><strong>modo</strong></span> 
     </span>
     <span class='ocr_line' id='line_1_18' title="bbox 447 2577 1028 2649; baseline -0.007 -1"><span class='ocrx_word' id='word_1_151' title='bbox 447 2577 631 2649; x_wconf 78' lang='lat' dir='ltr'><strong>indicativo.</strong></span> <span class='ocrx_word' id='word_1_152' title='bbox 1024 2592 1028 2601; x_wconf 91' lang='grc'><strong>“</strong></span> 
     </span>
    </p>

    <p class='ocr_par' dir='ltr' id='par_1_5' title="bbox 394 2675 1543 4096">
     <span class='ocr_line' id='line_1_19' title="bbox 530 2675 1472 2769; baseline -0.005 -22"><span class='ocrx_word' id='word_1_153' title='bbox 530 2680 614 2747; x_wconf 80' lang='lat' dir='ltr'><strong>Satis</strong></span> <span class='ocrx_word' id='word_1_154' title='bbox 638 2702 716 2747; x_wconf 86' lang='lat' dir='ltr'>vero</span> <span class='ocrx_word' id='word_1_155' title='bbox 746 2689 897 2769; x_wconf 80' lang='lat' dir='ltr'><strong>peratum</strong></span> <span class='ocrx_word' id='word_1_156' title='bbox 921 2690 952 2746; x_wconf 92' lang='lat' dir='ltr'>et</span> <span class='ocrx_word' id='word_1_157' title='bbox 976 2690 1122 2769; x_wconf 79' lang='lat' dir='ltr'>apertum</span> <span class='ocrx_word' id='word_1_158' title='bbox 1146 2681 1303 2752; x_wconf 84' lang='lat' dir='ltr'><strong>auxilium</strong></span> <span class='ocrx_word' id='word_1_159' title='bbox 1334 2678 1398 2745; x_wconf 86' lang='lat' dir='ltr'><strong>illis</strong></span> <span class='ocrx_word' id='word_1_160' title='bbox 1421 2675 1472 2743; x_wconf 78' lang='lat' dir='ltr'><strong>ad-</strong></span> 
     </span>
     <span class='ocr_line' id='line_1_20' title="bbox 446 2777 1474 2872; baseline -0.008 -22"><span class='ocrx_word' id='word_1_161' title='bbox 446 2795 503 2867; x_wconf 82' lang='lat' dir='ltr'>est,</span> <span class='ocrx_word' id='word_1_162' title='bbox 534 2805 618 2871; x_wconf 81' lang='lat' dir='ltr'>quae</span> <span class='ocrx_word' id='word_1_163' title='bbox 639 2805 717 2872; x_wconf 77' lang='lat' dir='ltr'><strong>pag.</strong></span> <span class='ocrx_word' id='word_1_164' title='bbox 739 2780 832 2851; x_wconf 76' lang='lat' dir='ltr'>847E</span> <span class='ocrx_word' id='word_1_165' title='bbox 854 2783 942 2851; x_wconf 90' lang='lat' dir='ltr'><strong>hunc</strong></span> <span class='ocrx_word' id='word_1_166' title='bbox 964 2786 999 2850; x_wconf 90' lang='lat' dir='ltr'><strong>in</strong></span> <span class='ocrx_word' id='word_1_167' title='bbox 1020 2785 1152 2852; x_wconf 90' lang='lat' dir='ltr'><strong>modum</strong></span> <span class='ocrx_word' id='word_1_168' title='bbox 1174 2783 1340 2872; x_wconf 81' lang='lat' dir='ltr'>leguntur-z</span> <span class='ocrx_word' id='word_1_169' title='bbox 1381 2777 1421 2845; x_wconf 76' lang='grc' dir='ltr'><strong>τὸ</strong></span> <span class='ocrx_word' id='word_1_170' title='bbox 1441 2780 1474 2843; x_wconf 76' lang='grc' dir='ltr'><strong>δὲ</strong></span> 
     </span>
     <span class='ocr_line' id='line_1_21' title="bbox 444 2880 1473 2974; baseline -0.002 -26"><span class='ocrx_word' id='word_1_171' title='bbox 444 2885 626 2958; x_wconf 76' lang='grc' dir='ltr'><strong>δωδέκατον</strong></span> <span class='ocrx_word' id='word_1_172' title='bbox 646 2886 734 2972; x_wconf 72' lang='grc' dir='ltr'><strong>μέρος</strong></span> <span class='ocrx_word' id='word_1_173' title='bbox 752 2885 893 2952; x_wconf 65' lang='grc' dir='ltr'><strong>ἔλασσον</strong></span> <span class='ocrx_word' id='word_1_174' title='bbox 908 2888 978 2952; x_wconf 85' lang='grc' dir='ltr'><strong>οἷον</strong></span> <span class='ocrx_word' id='word_1_175' title='bbox 998 2896 1105 2974; x_wconf 76' lang='grc' dir='ltr'><strong>περῶν</strong></span> <span class='ocrx_word' id='word_1_176' title='bbox 1125 2890 1178 2951; x_wconf 84' lang='grc' dir='ltr'><strong>καὶ</strong></span> <span class='ocrx_word' id='word_1_177' title='bbox 1199 2892 1326 2974; x_wconf 66' lang='grc' dir='ltr'><strong>κριθῶν,</strong></span> <span class='ocrx_word' id='word_1_178' title='bbox 1351 2885 1417 2950; x_wconf 86' lang='grc' dir='ltr'><strong>οἶσι</strong></span> <span class='ocrx_word' id='word_1_179' title='bbox 1435 2880 1473 2958; x_wconf 78' lang='grc' dir='ltr'><strong>δὴ</strong></span> 
     </span>
     <span class='ocr_line' id='line_1_22' title="bbox 443 2981 1473 3077; baseline -0.003 -26"><span class='ocrx_word' id='word_1_180' title='bbox 443 2988 498 3052; x_wconf 85' lang='grc' dir='ltr'><strong>καὶ</strong></span> <span class='ocrx_word' id='word_1_181' title='bbox 524 2984 570 3052; x_wconf 87' lang='grc' dir='ltr'><strong>τά</strong></span> <span class='ocrx_word' id='word_1_182' title='bbox 595 2981 733 3052; x_wconf 85' lang='grc' dir='ltr'><strong>ἅπαντα</strong></span> <span class='ocrx_word' id='word_1_183' title='bbox 759 2987 976 3054; x_wconf 62' lang='grc' dir='ltr'><strong>ἀκολουθείτω</strong></span> <span class='ocrx_word' id='word_1_184' title='bbox 994 2988 1047 3054; x_wconf 77' lang='grc' dir='ltr'><strong>’τά</strong></span> <span class='ocrx_word' id='word_1_185' title='bbox 1070 2987 1158 3054; x_wconf 81' lang='grc' dir='ltr'><strong>ἄλλα</strong></span> <span class='ocrx_word' id='word_1_186' title='bbox 1184 2992 1287 3077; x_wconf 80' lang='grc' dir='ltr'><strong>ώραῐα</strong></span> <span class='ocrx_word' id='word_1_187' title='bbox 1312 2985 1473 3075; x_wconf 85' lang='grc' dir='ltr'><strong>νεμόμενα,</strong></span> 
     </span>
     <span class='ocr_line' id='line_1_23' title="bbox 443 3083 1473 3180; baseline -0.001 -26"><span class='ocrx_word' id='word_1_188' title='bbox 443 3092 497 3154; x_wconf 81' lang='grc' dir='ltr'><strong>καὶ</strong></span> <span class='ocrx_word' id='word_1_189' title='bbox 516 3083 581 3155; x_wconf 88' lang='grc' dir='ltr'><strong>ὅσα</strong></span> <span class='ocrx_word' id='word_1_190' title='bbox 595 3092 661 3168; x_wconf 77' lang='grc' dir='ltr'><strong>ζῶα</strong></span> <span class='ocrx_word' id='word_1_191' title='bbox 679 3087 853 3178; x_wconf 68' lang='grc' dir='ltr'><strong>ξύμπαντα</strong></span> <span class='ocrx_word' id='word_1_192' title='bbox 866 3091 1014 3180; x_wconf 84' lang='grc' dir='ltr'><strong>πράσιμα</strong></span> <span class='ocrx_word' id='word_1_193' title='bbox 1028 3096 1060 3158; x_wconf 80' lang='grc' dir='ltr'><strong>ἐν</strong></span> <span class='ocrx_word' id='word_1_194' title='bbox 1079 3089 1225 3170; x_wconf 76' lang='grc' dir='ltr'><strong>ἑκάστας</strong></span> <span class='ocrx_word' id='word_1_195' title='bbox 1239 3088 1268 3178; x_wconf 73' lang='grc' dir='ltr'><strong>ᾗ,</strong></span> <span class='ocrx_word' id='word_1_196' title='bbox 1289 3100 1381 3179; x_wconf 74' lang='grc' dir='ltr'><strong>τριχῇ</strong></span> <span class='ocrx_word' id='word_1_197' title='bbox 1395 3091 1473 3153; x_wconf 73' lang='lat' dir='ltr'><strong>isat-</strong></span> 
     </span>
     <span class='ocr_line' id='line_1_24' title="bbox 443 3189 1474 3282; baseline -0.003 -24"><span class='ocrx_word' id='word_1_198' title='bbox 443 3195 556 3279; x_wconf 69' lang='grc' dir='ltr'><strong>ρείσθυ</strong></span> <span class='ocrx_word' id='word_1_199' title='bbox 571 3191 660 3256; x_wconf 83' lang='grc' dir='ltr'><strong>κατοὶ</strong></span> <span class='ocrx_word' id='word_1_200' title='bbox 673 3191 779 3279; x_wconf 75' lang='grc' dir='ltr'><strong>λόγον.</strong></span> <span class='ocrx_word' id='word_1_201' title='bbox 823 3194 1007 3262; x_wconf 89' lang='lat' dir='ltr'>Delendum</span> <span class='ocrx_word' id='word_1_202' title='bbox 1028 3197 1115 3262; x_wconf 89' lang='lat' dir='ltr'><strong>enim</strong></span> <span class='ocrx_word' id='word_1_203' title='bbox 1137 3206 1186 3262; x_wconf 90' lang='lat' dir='ltr'><strong>est</strong></span> <span class='ocrx_word' id='word_1_204' title='bbox 1205 3189 1233 3281; x_wconf 74' lang='grc' dir='ltr'><strong>ᾖ,</strong></span> <span class='ocrx_word' id='word_1_205' title='bbox 1260 3193 1347 3282; x_wconf 86' lang='lat' dir='ltr'><strong>quod</strong></span> <span class='ocrx_word' id='word_1_206' title='bbox 1359 3190 1474 3260; x_wconf 79' lang='lat' dir='ltr'>Stallb.</span> 
     </span>
     <span class='ocr_line' id='line_1_25' title="bbox 437 3293 1543 3387; baseline -0.003 -22"><span class='ocrx_word' id='word_1_207' title='bbox 437 3297 509 3383; x_wconf 78' lang='lat' dir='ltr'><strong>jem</strong></span> <span class='ocrx_word' id='word_1_208' title='bbox 527 3297 698 3383; x_wconf 86' lang='lat' dir='ltr'><strong>proposuit</strong></span> <span class='ocrx_word' id='word_1_209' title='bbox 730 3298 771 3367; x_wconf 82' lang='lat' dir='ltr'><strong>ef.</strong></span> <span class='ocrx_word' id='word_1_210' title='bbox 796 3320 827 3384; x_wconf 89' lang='lat' dir='ltr'><strong>p.</strong></span> <span class='ocrx_word' id='word_1_211' title='bbox 850 3293 905 3366; x_wconf 81' lang='grc'><strong>56.</strong></span> <span class='ocrx_word' id='word_1_212' title='bbox 963 3297 1035 3379; x_wconf 80' lang='lat' dir='ltr'><strong>Quo</strong></span> <span class='ocrx_word' id='word_1_213' title='bbox 1068 3300 1273 3387; x_wconf 89' lang='lat' dir='ltr'><strong>conjunctivo</strong></span> <span class='ocrx_word' id='word_1_214' title='bbox 1305 3319 1345 3363; x_wconf 89' lang='lat' dir='ltr'>eo</span> <span class='ocrx_word' id='word_1_215' title='bbox 1375 3296 1474 3362; x_wconf 90' lang='lat' dir='ltr'><strong>libeu-</strong></span> <span class='ocrx_word' id='word_1_216' title='bbox 1538 3369 1543 3378; x_wconf 35' lang='lat'>¹</span> 
     </span>
     <span class='ocr_line' id='line_1_26' title="bbox 394 3397 1472 3490; baseline 0.002 -28"><span class='ocrx_word' id='word_1_217' title='bbox 394 3403 398 3410; x_wconf 88' lang='lat'>&#39;</span> <span class='ocrx_word' id='word_1_218' title='bbox 441 3399 515 3463; x_wconf 86' lang='lat' dir='ltr'><strong>tius-</strong></span> <span class='ocrx_word' id='word_1_219' title='bbox 538 3397 640 3464; x_wconf 83' lang='lat' dir='ltr'>verba</span> <span class='ocrx_word' id='word_1_220' title='bbox 667 3398 811 3466; x_wconf 79' lang='lat' dir='ltr'><strong>Platonis</strong></span> <span class='ocrx_word' id='word_1_221' title='bbox 845 3400 1031 3478; x_wconf 78' lang='lat' dir='ltr'><strong>liberemus,</strong></span> <span class='ocrx_word' id='word_1_222' title='bbox 1069 3404 1147 3490; x_wconf 83' lang='lat' dir='ltr'><strong>quia</strong></span> <span class='ocrx_word' id='word_1_223' title='bbox 1179 3405 1250 3489; x_wconf 88' lang='lat' dir='ltr'><strong>ipse</strong></span> <span class='ocrx_word' id='word_1_224' title='bbox 1285 3401 1472 3487; x_wconf 70' lang='lat' dir='ltr'><strong>intemosito</strong></span> 
     </span>
     <span class='ocr_line' id='line_1_27' title="bbox 441 3497 1472 3592; baseline 0.005 -31"><span class='ocrx_word' id='word_1_225' title='bbox 441 3497 616 3585; x_wconf 73' lang='grc' dir='ltr'><strong>ξύμπαντα</strong></span> <span class='ocrx_word' id='word_1_226' title='bbox 637 3503 685 3583; x_wconf 77' lang='lat' dir='ltr'><strong>(iu</strong></span> <span class='ocrx_word' id='word_1_227' title='bbox 705 3503 831 3588; x_wconf 74' lang='grc' dir='ltr'><strong>Αἰὶιιιι),</strong></span> <span class='ocrx_word' id='word_1_228' title='bbox 866 3502 963 3569; x_wconf 89' lang='lat' dir='ltr'>sede</span> <span class='ocrx_word' id='word_1_229' title='bbox 995 3513 1109 3570; x_wconf 86' lang='lat' dir='ltr'><strong>cuncte</strong></span> <span class='ocrx_word' id='word_1_230' title='bbox 1131 3504 1384 3592; x_wconf 86' lang='lat' dir='ltr'><strong>uniuscujusque</strong></span> <span class='ocrx_word' id='word_1_231' title='bbox 1419 3522 1472 3588; x_wconf 91' lang='lat' dir='ltr'>pe·</span> 
     </span>
     <span class='ocr_line' id='line_1_28' title="bbox 444 3601 1490 3694; baseline 0.001 -28"><span class='ocrx_word' id='word_1_232' title='bbox 444 3601 528 3674; x_wconf 84' lang='lat' dir='ltr'>eude</span> <span class='ocrx_word' id='word_1_233' title='bbox 547 3601 657 3670; x_wconf 77' lang='lat' dir='ltr'>venali</span> <span class='ocrx_word' id='word_1_234' title='bbox 681 3606 819 3690; x_wconf 79' lang='lat' dir='ltr'><strong>cogitare</strong></span> <span class='ocrx_word' id='word_1_235' title='bbox 841 3615 1006 3694; x_wconf 80' lang='lat' dir='ltr'><strong>tamquam</strong></span> <span class='ocrx_word' id='word_1_236' title='bbox 1028 3607 1125 3672; x_wconf 85' lang='lat' dir='ltr'><strong>classi</strong></span> <span class='ocrx_word' id='word_1_237' title='bbox 1148 3605 1317 3690; x_wconf 85' lang='lat' dir='ltr'><strong>significat,</strong></span> <span class='ocrx_word' id='word_1_238' title='bbox 1355 3624 1490 3692; x_wconf 56' lang='lat' dir='ltr'>neque„</span> 
     </span>
     <span class='ocr_line' id='line_1_29' title="bbox 443 3705 1470 3796; baseline -0.001 -26"><span class='ocrx_word' id='word_1_239' title='bbox 443 3715 522 3794; x_wconf 83' lang='lat' dir='ltr'>quet</span> <span class='ocrx_word' id='word_1_240' title='bbox 539 3705 654 3794; x_wconf 91' lang='lat' dir='ltr'><strong>cuique</strong></span> <span class='ocrx_word' id='word_1_241' title='bbox 673 3708 745 3790; x_wconf 88' lang='lat' dir='ltr'><strong>sint,</strong></span> <span class='ocrx_word' id='word_1_242' title='bbox 767 3706 946 3796; x_wconf 83' lang='lat' dir='ltr'><strong>quidquam</strong></span> <span class='ocrx_word' id='word_1_243' title='bbox 967 3710 1128 3774; x_wconf 85' lang='lat' dir='ltr'>interesse.</span> <span class='ocrx_word' id='word_1_244' title='bbox 1170 3708 1364 3774; x_wconf 85' lang='lat' dir='ltr'><strong>Universam</strong></span> <span class='ocrx_word' id='word_1_245' title='bbox 1385 3706 1470 3771; x_wconf 89' lang='lat' dir='ltr'><strong>enim</strong></span> 
     </span>
     <span class='ocr_line' id='line_1_30' title="bbox 437 3803 1471 3898; baseline -0.003 -22"><span class='ocrx_word' id='word_1_246' title='bbox 437 3829 601 3897; x_wconf 80' lang='lat' dir='ltr'>quemque</span> <span class='ocrx_word' id='word_1_247' title='bbox 621 3831 780 3875; x_wconf 81' lang='lat' dir='ltr'><strong>summam</strong></span> <span class='ocrx_word' id='word_1_248' title='bbox 802 3808 902 3876; x_wconf 89' lang='lat' dir='ltr'><strong>dividi</strong></span> <span class='ocrx_word' id='word_1_249' title='bbox 928 3810 1031 3898; x_wconf 90' lang='lat' dir='ltr'>jubet.</span> <span class='ocrx_word' id='word_1_250' title='bbox 1074 3811 1133 3878; x_wconf 83' lang='lat' dir='ltr'><strong>Est</strong></span> <span class='ocrx_word' id='word_1_251' title='bbox 1155 3821 1263 3878; x_wconf 82' lang='lat' dir='ltr'><strong>autem</strong></span> <span class='ocrx_word' id='word_1_252' title='bbox 1285 3809 1366 3877; x_wconf 90' lang='lat' dir='ltr'><strong>illud</strong></span> <span class='ocrx_word' id='word_1_253' title='bbox 1386 3803 1405 3895; x_wconf 75' lang='grc' dir='ltr'>ᾖ</span> <span class='ocrx_word' id='word_1_254' title='bbox 1424 3809 1471 3874; x_wconf 89' lang='lat' dir='ltr'><strong>ni·</strong></span> 
     </span>
     <span class='ocr_line' id='line_1_31' title="bbox 440 3909 1468 4000; baseline -0.003 -20"><span class='ocrx_word' id='word_1_255' title='bbox 440 3909 488 3980; x_wconf 88' lang='lat' dir='ltr'><strong>hil</strong></span> <span class='ocrx_word' id='word_1_256' title='bbox 521 3912 584 3976; x_wconf 89' lang='lat' dir='ltr'><strong>nisi</strong></span> <span class='ocrx_word' id='word_1_257' title='bbox 610 3911 864 3978; x_wconf 73' lang='lat' dir='ltr'><strong>additamentum</strong></span> <span class='ocrx_word' id='word_1_258' title='bbox 893 3916 1096 3998; x_wconf 80' lang='lat' dir='ltr'><strong>grammatici</strong></span> <span class='ocrx_word' id='word_1_259' title='bbox 1126 3915 1179 3998; x_wconf 86' lang='lat' dir='ltr'><strong>(cf.</strong></span> <span class='ocrx_word' id='word_1_260' title='bbox 1211 3913 1314 3983; x_wconf 85' lang='lat' dir='ltr'><strong>simile</strong></span> <span class='ocrx_word' id='word_1_261' title='bbox 1349 3915 1382 3980; x_wconf 90' lang='lat' dir='ltr'><strong>in</strong></span> <span class='ocrx_word' id='word_1_262' title='bbox 1404 3936 1468 4000; x_wconf 81' lang='lat' dir='ltr'><strong>mg.</strong></span> 
     </span>
     <span class='ocr_line' id='line_1_32' title="bbox 441 4007 946 4096; baseline 0 -18"><span class='ocrx_word' id='word_1_263' title='bbox 441 4010 511 4080; x_wconf 83' lang='lat' dir='ltr'><strong>cod.</strong></span> <span class='ocrx_word' id='word_1_264' title='bbox 534 4017 564 4076; x_wconf 81' lang='lat' dir='ltr'><strong>u</strong></span> <span class='ocrx_word' id='word_1_265' title='bbox 585 4012 629 4078; x_wconf 90' lang='lat'><strong>11.</strong></span> <span class='ocrx_word' id='word_1_266' title='bbox 651 4007 727 4096; x_wconf 80' lang='lat'><strong>288,</strong></span> <span class='ocrx_word' id='word_1_267' title='bbox 749 4009 791 4080; x_wconf 92' lang='grc'><strong>18</strong></span> <span class='ocrx_word' id='word_1_268' title='bbox 813 4009 946 4095; x_wconf 80' lang='grc'><strong>(9451)).</strong></span> 
     </span>
    </p>

    <p class='ocr_par' dir='ltr' id='par_1_6' title="bbox 343 4113 1469 4627">
     <span class='ocr_line' id='line_1_33' title="bbox 499 4113 1469 4210; baseline 0.006 -28"><span class='ocrx_word' id='word_1_269' title='bbox 499 4113 674 4182; x_wconf 81' lang='lat' dir='ltr'><strong>Difficilior</strong></span> <span class='ocrx_word' id='word_1_270' title='bbox 686 4115 853 4203; x_wconf 79' lang='lat' dir='ltr'><strong>aliquanto</strong></span> <span class='ocrx_word' id='word_1_271' title='bbox 866 4127 914 4184; x_wconf 90' lang='lat' dir='ltr'><strong>est</strong></span> <span class='ocrx_word' id='word_1_272' title='bbox 928 4116 1038 4206; x_wconf 83' lang='lat' dir='ltr'><strong>locus,¹</strong></span> <span class='ocrx_word' id='word_1_273' title='bbox 1049 4121 1105 4207; x_wconf 91' lang='lat' dir='ltr'><strong>qui</strong></span> <span class='ocrx_word' id='word_1_274' title='bbox 1117 4119 1234 4208; x_wconf 85' lang='lat' dir='ltr'><strong>legitur</strong></span> <span class='ocrx_word' id='word_1_275' title='bbox 1249 4115 1350 4206; x_wconf 68' lang='lat'><strong>7373,</strong></span> <span class='ocrx_word' id='word_1_276' title='bbox 1372 4139 1469 4210; x_wconf 86' lang='lat' dir='ltr'><strong>quem</strong></span> 
     </span>
     <span class='ocr_line' id='line_1_34' title="bbox 438 4217 1467 4312; baseline 0.012 -30"><span class='ocrx_word' id='word_1_277' title='bbox 438 4218 589 4305; x_wconf 81' lang='lat' dir='ltr'><strong>suojure</strong></span> <span class='ocrx_word' id='word_1_278' title='bbox 608 4217 841 4294; x_wconf 74' lang='lat' dir='ltr'><strong>Stellbeumius</strong></span> <span class='ocrx_word' id='word_1_279' title='bbox 864 4230 1050 4308; x_wconf 88' lang='lat' dir='ltr'><strong>corruptum</strong></span> <span class='ocrx_word' id='word_1_280' title='bbox 1073 4245 1142 4290; x_wconf 83' lang='lat' dir='ltr'>esse</span> <span class='ocrx_word' id='word_1_281' title='bbox 1158 4224 1308 4312; x_wconf 87' lang='lat' dir='ltr'><strong>judicare</strong></span> <span class='ocrx_word' id='word_1_282' title='bbox 1330 4224 1467 4294; x_wconf 81' lang='lat' dir='ltr'><strong>videtur.</strong></span> 
     </span>
     <span class='ocr_line' id='line_1_35' title="bbox 434 4315 1468 4419; baseline 0.005 -35"><span class='ocrx_word' id='word_1_283' title='bbox 434 4315 474 4384; x_wconf 90' lang='lat' dir='ltr'><strong>In</strong></span> <span class='ocrx_word' id='word_1_284' title='bbox 500 4321 631 4419; x_wconf 84' lang='lat' dir='ltr'><strong>optimis</strong></span> <span class='ocrx_word' id='word_1_285' title='bbox 658 4322 745 4387; x_wconf 89' lang='lat' dir='ltr'><strong>enim</strong></span> <span class='ocrx_word' id='word_1_286' title='bbox 773 4321 937 4389; x_wconf 84' lang='lat' dir='ltr'><strong>codicibus</strong></span> <span class='ocrx_word' id='word_1_287' title='bbox 971 4323 1050 4390; x_wconf 83' lang='lat' dir='ltr'>haec</span> <span class='ocrx_word' id='word_1_288' title='bbox 1079 4336 1223 4393; x_wconf 84' lang='lat' dir='ltr'>exstent:</span> <span class='ocrx_word' id='word_1_289' title='bbox 1259 4323 1468 4412; x_wconf 70' lang='grc' dir='ltr'><strong>ἀνεγκλήτους</strong></span> 
     </span>
     <span class='ocr_line' id='line_1_36' title="bbox 436 4416 1467 4515; baseline 0.008 -32"><span class='ocrx_word' id='word_1_290' title='bbox 436 4416 498 4515; x_wconf 68' lang='grc' dir='ltr'><strong>ράρ</strong></span> <span class='ocrx_word' id='word_1_291' title='bbox 519 4423 567 4496; x_wconf 73' lang='grc' dir='ltr'><strong>δεῖ</strong></span> <span class='ocrx_word' id='word_1_292' title='bbox 589 4461 631 4474; x_wconf 85' lang='lat'><strong>--</strong></span> <span class='ocrx_word' id='word_1_293' title='bbox 652 4421 713 4500; x_wconf 81' lang='grc' dir='ltr'><strong>τοίς</strong></span> <span class='ocrx_word' id='word_1_294' title='bbox 739 4424 849 4504; x_wconf 75' lang='grc' dir='ltr'><strong>οὐσίας</strong></span> <span class='ocrx_word' id='word_1_295' title='bbox 869 4425 947 4512; x_wconf 87' lang='grc' dir='ltr'><strong>πρὸς</strong></span> <span class='ocrx_word' id='word_1_296' title='bbox 980 4425 1135 4504; x_wconf 75' lang='grc' dir='ltr'><strong>ἀλλήλους</strong></span> <span class='ocrx_word' id='word_1_297' title='bbox 1169 4427 1467 4507; x_wconf 66' lang='grc' dir='ltr'><strong>κατασκευάζεσθαι</strong></span> 
     </span>
     <span class='ocr_line' id='line_1_37' title="bbox 343 4519 1466 4627; baseline 0.013 -42"><span class='ocrx_word' id='word_1_298' title='bbox 343 4624 345 4627; x_wconf 16' lang='grc' dir='ltr'>Ι</span> <span class='ocrx_word' id='word_1_299' title='bbox 432 4522 518 4610; x_wconf 77' lang='grc' dir='ltr'><strong>ἁμῶς</strong></span> <span class='ocrx_word' id='word_1_300' title='bbox 550 4525 584 4610; x_wconf 73' lang='grc' dir='ltr'><strong>μέ</strong></span> <span class='ocrx_word' id='word_1_301' title='bbox 606 4520 710 4605; x_wconf 77' lang='grc' dir='ltr'><strong>πυςῆ</strong></span> <span class='ocrx_word' id='word_1_302' title='bbox 738 4523 943 4616; x_wconf 52' lang='grc' dir='ltr'><strong>μὴ’προιέναι</strong></span> <span class='ocrx_word' id='word_1_303' title='bbox 974 4531 1133 4619; x_wconf 82' lang='grc' dir='ltr'><strong>πρότερον</strong></span> <span class='ocrx_word' id='word_1_304' title='bbox 1163 4519 1207 4610; x_wconf 81' lang='grc' dir='ltr'><strong>Ιεἰς</strong></span> <span class='ocrx_word' id='word_1_305' title='bbox 1240 4529 1466 4621; x_wconf 54' lang='grc' dir='ltr'><strong>τοῦμπροσθεν</strong></span> 
     </span>
    </p>
   </div>
   <div class='ocr_carea' id='block_1_5' title="bbox 0 0 1788 5500">
    <p class='ocr_par' dir='ltr' id='par_1_7' title="bbox 0 0 1788 5500">
     <span class='ocr_line' id='line_1_38' title="bbox 0 0 1788 5500; baseline 0 5"><span class='ocrx_word' id='word_1_306' title='bbox 0 0 1788 5500; x_wconf 95' lang='lat' dir='ltr'><strong> </strong></span> 
     </span>
    </p>
   </div>
  </div>
 </body>
</html>
