3567 5500
784 789 826 862 31

300 1048 306 1059 ,
375 952 553 1068 Perspicua
579 984 726 1070 jacturae
748 1003 848 1047 causa
868 982 904 1046 in
932 981 982 1048 his
1005 989 1082 1046 estc
1107 987 1151 1048 ΙΙ.
1174 975 1320 1065 100,17.

292 1084 376 1171 είπερ
402 1085 562 1168 γίγνοιτ’
588 1088 625 1148 ἒν
659 1082 804 1161 πάσαις
838 1081 990 1165 πόλεσι,
1025 1085 1153 1168 γίγνοντ’
1174 1077 1229 1157 υίνς
1267 1085 1321 1151 vel

293 1187 382 1274 quod
403 1193 496 1268 (teste
514 1188 626 1253 Bastic
650 1187 739 1274 apud
758 1186 886 1267 Stallb.)
907 1189 949 1252 11.
973 1182 1047 1264 277,
1071 1181 1121 1253 15.
1134 1191 1187 1252 'cx
1214 1187 1280 1252 illis
1303 1187 1321 1262 ἡ

192 1341 194 1345 ,
294 1290 377 1363 δίκη,
396 1290 512 1375 ἐκρίθη,
551 1290 710 1375 ὁποτέρως
731 1290 757 1352 δ’
787 1283 829 1353 σίν
855 1295 953 1374 κριθῇ,
993 1290 1099 1374 ταύτῃ
1130 1290 1322 1356 exciderunt

293 1391 452 1479 ὁποτέρως
469 1388 501 1455 δ’
522 1384 563 1456 civ
585 1396 685 1477 κριθῇ.
715 1431 758 1440 -
795 1391 953 1458 Similiter
975 1398 1017 1460 ΙΙ.
1044 1388 1116 1474 101,
1139 1388 1189 1458 10.
1210 1417 1248 1456 τε
1267 1394 1323 1454 καί

295 1494 352 1556 οὐκ
372 1491 473 1581 ὀρθῶς
490 1495 531 1577 *).
551 1533 591 1542 -
627 1501 669 1562 ΙΙ.
693 1489 768 1577 149,
791 1490 821 1560 6.
844 1487 862 1568 ἢ
885 1492 1007 1581 ἀδελφὴ
1029 1490 1172 1580 ἀδελφὸν
1191 1487 1208 1570 ἢ
1231 1495 1323 1558 α’δελ-
1367 1561 1370 1574 ¹

294 1594 368 1684 φίν,
384 1635 424 1644 -
441 1596 491 1682 ΙΠ.
513 1593 567 1679 49,
584 1593 635 1663 18.
658 1598 712 1658 καὶ
734 1595 918 1681 ἀντίφωνον
930 1598 978 1678 (in
998 1595 1067 1661 cod.
1084 1595 1123 1660 A.
1140 1619 1239 1662 manu
1257 1620 1321 1667 rec.

295 1698 452 1782 additum,
471 1707 507 1764 ut
528 1707 638 1789 riarrat
658 1697 806 1777 Felsina).
827 1736 867 1746 -
892 1695 965 1775 464,
986 1694 1036 1764 10.
1061 1695 1106 1761 τοί
1129 1699 1163 1761 δὲ
1184 1695 1322 1788 ταφρεί-

295 1814 426 1877 σονταςζ
440 1841 482 1850 -
504 1796 577 1876 437,
598 1795 651 1866 20.
675 1801 820 1876 παιδείας
840 1800 950 1864 αὐτῶν
971 1799 1068 1879 ἕνεκα,
1090 1799 1166 1877 τοὺς
1181 1803 1218 1864 δὲ
1240 1799 1322 1885 α’γω-

295 1913 432 1979 νιστικῆς
455 1901 639 1989 (utrobique
662 1903 697 1966 in
722 1904 867 1988 margine
889 1903 955 1988 legi
976 1903 1109 1968 adnotat
1128 1904 1322 1985 Bckkcrus).
1448 1910 1454 1915 ’

380 2004 449 2070 Nec
478 2007 586 2070 minus
614 2026 710 2090 aegre
735 2006 896 2091 jacturam
929 2005 1085 2072 ferremus
1107 2006 1277 2072 verborum
1305 2001 1322 2081 ἢ

295 2109 411 2195 μητρὸς
427 2110 462 2172 in
481 2107 546 2172 illis
567 2113 609 2176 Π.
630 2102 703 2189 157,
718 2104 750 2174 5.
772 2100 855 2170 ὁίστε
874 2105 1000 2194 πατρὸς
1020 2101 1037 2183 ἢ
1056 2106 1170 2194 μητρὸς
1191 2101 1208 2182 ἢ
1231 2109 1322 2172 ἁδελ-

296 2221 367 2298 φοίν
399 2203 417 2286 ἢ
449 2210 565 2274 τέκνων
600 2218 675 2292 etc.;
720 2219 777 2274 aut
807 2216 850 2277 II.
872 2205 947 2291 208,
973 2208 1002 2278 7.
1031 2203 1048 2284 ἢ
1074 2212 1127 2274 καὶ
1160 2208 1239 2297 πρὸς
1270 2211 1323 2275 τί·

296 2317 351 2390 λος
371 2312 444 2388 ’ίσως
466 2312 613 2388 ἀνοσίους
633 2309 821 2397 ἀνθρώπους
844 2313 924 2398 ὁρῶν
946 2309 1102 2389 ἐλθόντας
1130 2315 1269 2399 γεραίους
1295 2316 1324 2381 si

297 2415 422 2481 abesset
451 2415 628 2491 ἀνοσίους
652 2417 700 2496 (in
722 2418 871 2509 margine
882 2417 962 2494 cod.
984 2415 1023 2484 A.
1043 2415 1083 2481 ab
1103 2417 1173 2501 ipso
1196 2416 1324 2482 libraris

297 2518 443 2584 additum
464 2540 536 2584 csse
556 2517 654 2582 refert
669 2518 824 2604 Fcisius)‚
852 2521 973 2605 quippe
996 2520 1031 2584 in
1052 2541 1115 2606 quo
1137 2541 1232 2584 omne
1253 2542 1324 2586 sen-

297 2623 414 2687 tcntiae
434 2619 562 2708 pondus
591 2622 732 2707 positum
758 2622 813 2704 sit3
840 2630 873 2686 et
895 2627 937 2690 Π.
959 2614 1033 2697 223,
1056 2615 1107 2685 18.
1128 2625 1182 2684 καί
1202 2619 1261 2708 μὴν
1283 2621 1322 2684 εί-

299 2724 409 2809 ρηνταί
435 2723 469 2807 γε’
495 2748 561 2799 πως
588 2721 858 2810 σφοδρότερον
878 2721 933 2787 <iaci
961 2724 1153 2810 φιλονεικίαν
1174 2731 1241 2787 τῶν
1264 2748 1321 2787 κα·

300 2836 359 2889 κῶν
380 2823 569 2911 ἀνθρώπων,
597 2828 625 2892 si
646 2825 866 2914 σφοδρότερον
888 2828 1095 2893 omitteretur.

325 2905 338 2939 ⁸
381 2928 436 2993 Ex
455 2930 613 2994 sententia
634 2927 766 3016 quidem
787 2928 869 2993 nihil
899 2932 977 2995 certi
996 2930 1142 3011 efficitur,
1179 2928 1221 2996 dc
1241 2932 1325 2995 voci-

297 3030 358 3097 bus
379 3028 679 3117 τυίδὲοίρρονόρους
698 3027 918 3116 Π.244,17.;
948 3034 1002 3097 καὶ
1022 3034 1078 3096 σία
1098 3038 1141 3100 Π.
1163 3026 1239 3115 223,
1254 3028 1324 3115 22.;
1404 3018 1410 3040 ¹

298 3134 403 3219 φαμὲν
422 3140 464 3199 ΙΙ.
481 3128 554 3210 266,
561 3128 629 3215 22.;
650 3135 703 3197 καὶ
715 3138 820 3199 καλῶν
837 3142 880 3205 ΙΙ.
899 3130 974 3218 310,
985 3132 1034 3201 11.
1049 3134 1178 3222 (abjecit
1189 3134 1324 3218 Heind.)

298 3234 389 3319 παρὰ
410 3242 452 3302 ΙΙ.
475 3230 550 3312 264,
573 3232 623 3301 19.
1241 3294 1244 3301 .

385 3337 520 3403 Restant
542 3359 661 3423 pauca,
706 3363 791 3427 quac
819 3364 885 3406 non
914 3340 955 3405 ab
984 3340 1049 3407 iliis
1073 3340 1149 3407 solis
1178 3340 1325 3428 neglecta

299 3449 385 3526 sunt,
415 3440 591 3506 sedetiam
613 3441 654 3509 ab
675 3466 740 3508 unc
762 3444 905 3510 alterove
927 3443 1139 3511 deteriorum:

383 3544 415 3608 A
435 3547 466 3605 Ω
486 3566 512 3607 r.
536 3566 599 3610 om.
620 3551 664 3615 ΙΙ.
685 3541 761 3627 211),
783 3540 836 3613 22.
855 3549 910 3609 καί
931 3545 1088 3630 βουλήσεις

495 3694 517 3729 ,,
623 3654 667 3715 ΙΙ.
690 3644 837 3730 26410.
858 3660 920 3712 τοῦ
941 3647 1068 3715 δούλου.

467 3777 515 3829 ·,,
623 3757 667 3817 II.
689 3746 764 3833 305,
787 3748 838 3822 15.
860 3764 922 3815 τοῦ
943 3756 1058 3817 λοιποῦ
1077 3748 1202 3838 χρόνον.

382 3852 463 3917 ΑΩ
491 3850 512 3915 f.
535 3876 596 3923 om.
619 3859 661 3922 Π.
685 3850 759 3936 116,
778 3851 809 3922 5.
830 3857 884 3919 καὶ
906 3852 1034 3919 ὁπόταν
1055 3852 1210 3937 βούληται
1221 3852 1283 3935 **).

380 3952 552 4019 Debebant
577 3966 685 4023 autem
708 3954 789 4021 haec
811 3960 920 4025 omnia
941 3980 979 4022 co
1013 3958 1193 4024 accuratius
1220 3964 1252 4020 et
1274 3976 1325 4019 co-

365 4235 387 4300 ‘)
422 4233 452 4284 In
469 4230 592 4285 Parisino
610 4233 715 4287 Felsina
742 4233 777 4285 ab
803 4233 862 4301 ipso
889 4232 999 4287 librario
1025 4234 1126 4286 codicis
1151 4233 1216 4284 hacc
1242 4231 1327 4283 videri

296 4316 428 4386 adscripta
445 4334 502 4370 csse
519 4324 619 4371 narrat.

351 4407 386 4473 '¹)
420 4406 521 4457 Fclsius
543 4407 571 4456 in
594 4404 652 4456 cod.
675 4403 699 4454 A
720 4422 800 4459 mauu
829 4408 918 4474 paullo
946 4406 1091 4458 recentiore
1117 4406 1146 4455 in
1162 4420 1255 4470 marg.
1282 4402 1326 4455 cd·

295 4494 421 4559 scriptum
446 4508 504 4543 υυυο
529 4498 620 4544 narrat
647 4492 690 4557 (cf.
711 4494 1015 4561 suprad011.rc,18.
1037 4498 1064 4544 ci
1081 4496 1264 4559 excerptorum
1288 4491 1327 4541 in·

297 4578 400 4644 dicem).
