3567 5500
796 754 860 827 107

314 946 477 1034 aptissimo
500 941 677 1033 pronomen
698 945 760 1013 hoc
782 947 853 1014 loco
875 936 1061 1037 habiturum
1083 969 1164 1031 esse,
1195 970 1261 1013 non
1284 955 1344 1014 errt

315 1050 370 1136 qui
384 1058 489 1133 neget,
513 1071 611 1135 quum
626 1051 823 1135 praesertim
837 1058 990 1137 sequatur
1008 1050 1141 1133 λέγωμεν
1162 1059 1194 1115 et
1213 1059 1345 1137 propter

313 1150 396 1217 illud
418 1150 614 1238 adjectivum
640 1147 764 1237 ἄθυμος
792 1152 930 1240 subjecti
960 1150 1108 1231 indicatio
1142 1152 1210 1219 fere
1238 1154 1344 1241 requi·

314 1263 412 1319 ratur.

398 1355 499 1422 Porro
513 1355 597 1439 vide,
622 1356 794 1443 quomodo,
819 1379 904 1444 quae
922 1352 1015 1424 831E
1030 1379 1118 1423 nunc
1129 1364 1266 1441 exstant,
1290 1379 1343 1425 ex-

315 1459 430 1547 plicari
452 1458 592 1546 possint:

401 1554 485 1634 αὕτη
506 1560 615 1624 τοίνυν
635 1560 693 1645 μία
711 1560 826 1624 κείσθω
848 1556 1070 1639 διακωλύουσα
1091 1562 1183 1625 αἰτία
1204 1598 1247 1610 -·
1269 1559 1346 1637 τούς

315 1664 349 1727 δὲ
373 1662 531 1749 ἀνδρείους
560 1659 755 1747 aperuissent
777 1650 990 1751 τοιχωρύχους
1009 1664 1063 1727 καὶ
1089 1663 1269 1752 ἱεροσύλους
1290 1664 1345 1727 καὶ

316 1763 502 1852 πολεμικούς
526 1766 580 1829 καὶ
603 1762 807 1852 τυραννικούς
826 1777 969 1837 ποιοῦσα
990 1768 1045 1829 καὶ
1074 1762 1145 1853 μαλ’
1168 1767 1267 1831 ἐνίοτε
1288 1764 1345 1829 oria

316 1866 427 1955 ἀφυεῖς
455 1864 561 1948 ὄντας,
596 1865 838 1959 δυστυχοῦντάς
859 1893 893 1952 γε
915 1867 985 1955 μήν.
1038 1868 1248 1954 Legumlator
1268 1891 1342 1956 que·

317 1981 395 2054 stus,
413 1958 517 2059 'quod
543 1970 578 2033 in
599 1968 779 2036 civitatibus
808 1969 896 2036 illius
919 1972 1030 2037 aetatis
1058 1993 1171 2058 parum
1193 1992 1294 2035 curae
1310 1972 1345 2037 in

315 2072 454 2161 publicis
484 2067 568 2137 ludis
590 2074 660 2137 sive
683 2074 819 2138 musicis
831 2076 901 2139 sive
930 2074 1139 2162 gymnasticis
1161 2073 1344 2156 haberetur,

314 2180 384 2264 ejus
407 2175 549 2242 incuriae
574 2184 607 2240 et
629 2175 763 2242 inertiae
794 2197 927 2242 oausam
958 2198 1025 2240 non
1048 2176 1207 2241 inscitiam
1232 2175 1345 2263 populi
1402 2243 1406 2250 ,

314 2288 371 2346 aut
392 2277 615 2363 legislatorum
635 2299 705 2343 esso
724 2280 895 2362 existimat,
920 2279 978 2345 sed
996 2278 1075 2345 duas
1092 2278 1249 2361 alias'res,
1271 2300 1345 2345 ava·

313 2383 420 2452 ritiam
441 2390 473 2452 et
493 2402 663 2467 perversas
684 2403 791 2447 rerum
824 2381 1028 2469 publicarum
1055 2382 1175 2447 formas
1196 2391 1229 2448 et
1255 2382 1344 2447 insti·

314 2485 462 2550 tationes.
504 2483 614 2571 Atque
637 2493 838 2570 quantopere
856 2486 991 2551 avaritia
1012 2483 1106 2550 bonis
1125 2484 1274 2569 moribus
1292 2483 1346 2550 de-

316 2588 463 2654 trimento
488 2588 540 2669 sit,
577 2585 700 2674 aliquot
722 2587 878 2674 exemplis
904 2587 1049 2655 illustrat.
1107 2586 1228 2653 Omnes
1258 2588 1345 2652 enim
1411 2646 1412 2657 ,

316 2690 472 2774 homines,
510 2690 656 2777 quamvis
679 2698 773 2756 antea
795 2688 890 2756 liberi
911 2690 1096 2776 et=ingenui
1125 2689 1250 2774 suerint,
1284 2690 1346 2755 hac

317 2792 562 2880 posteinfectos
582 2815 757 2876 servorum,
786 2801 966 2877 nautarum,
1002 2795 1184 2860 institorum
1206 2801 1345 2858 mentem

317 2894 565 2983 induere„coric
577 2895 611 2958 δὲ
633 2895 790 2982 ἀνδρείους
811 2896 914 2961 —sic
931 2897 1020 2962 enim
1039 2897 1144 2983 pergit
1161 2932 1204 2944 -
1225 2893 1346 2982 λῃστοὶς

317 2998 370 3060 καὶ
392 2995 602 3085 τοιχωρύχους
623 3001 677 3061 καὶ
700 2973 889 3085 ἱεροσύλους.
935 2998 1027 3080 Quae
1051 2999 1159 3064 omnia
1181 3006 1257 3064 sunt
1277 2997 1345 3085 pla·

316 3123 359 3166 na
382 3109 414 3166 et
433 3100 549 3168 facilia.
606 3100 675 3167 Sed
696 3103 841 3189 sequitur
861 3105 915 3165 καὶ
937 3097 1134 3187 πολεμικούς,
1174 3099 1262 3188 quod
1280 3123 1346 3165 non
1445 3170 1451 3180 ⁴

315 3201 468 3288 intellig0‚
506 3226 571 3291 qua
600 3205 726 3269 ratione
756 3204 840 3269 inter
868 3200 1048 3291 ἱεροσύλους
1070 3204 1124 3265 καὶ
1143 3200 1351 3289 τυραννικούς.

315 3306 393 3392 poni
414 3308 523 3392 possit.
544 3335 547 3340 ·
565 3305 649 3372 Nam
668 3328 862 3394 quocunque
878 3305 975 3371 modo
996 3307 1146 3392 accipies,
1168 3327 1345 3392 nunquam,

316 3409 343 3472 si
364 3407 547 3495 πολεμικούς
569 3409 704 3474 avaritia
720 3409 867 3474 homines
888 3407 1017 3494 faceret,
1051 3407 1085 3472 id
1106 3409 1142 3473 in
1164 3431 1202 3474 ea
1222 3410 1345 3496 vitupe·
1452 3485 1454 3490 Ι

316 3512 381 3576 rari
408 3521 526 3597 posset.
571 3506 668 3593 Quod
697 3513 783 3576 enim
805 3510 1002 3597 Voegelinus
1032 3513 1143 3578 vertit:
1181 3511 1282 3577 crucht
1304 3515 1363 3585 ric

315 3638 354 3678 zu
374 3614 573 3680 erornonnr
598 3615 752 3689 Feiadca3
790 3613 871 3680 haec
900 3616 962 3698 vis,
998 3625 1225 3702 praeterquam
1259 3613 1347 3701 quod
1394 3635 1397 3640 ·

317 3716 379 3782 hoc
402 3715 483 3801 loco,
504 3717 562 3782 ubi
581 3714 745 3803 πολεμικὸς
766 3716 909 3782 medium
931 3715 1097 3802 sacrilegis
1118 3727 1149 3784 et
1171 3718 1345 3804 tyrannicis

316 3820 538 3906 interpositum
557 3820 705 3906 legimus,
727 3842 824 3907 quam
844 3821 986 3886 maxime
1008 3817 1121 3885 debilis
1142 3829 1173 3884 et
1192 3817 1347 3906 languida

296 3930 412 4004 esset,
450 3920 571 4008 dubito,
609 3945 689 3988 num
712 3923 842 3989 omnino
865 3924 899 3987 in
921 3920 1087 4008 πολεμικὸς
1108 3923 1213 3989 inesse
1235 3921 1345 4010 possit.

315 4025 401 4092 Nam
421 4023 516 4091 Plato
539 4025 679 4114 quidem,
714 4027 777 4092 nisi
797 4026 854 4093 ubi
875 4024 1061 4114 simpliciter
1082 4033 1138 4108 est,
1177 4025 1284 4114 „quod
1304 4024 1346 4090 ad
1428 4076 1433 4084 .

316 4125 438 4192 bellum
463 4129 629 4213 pertinet‚“
671 4127 836 4217 tamquam
864 4127 1040 4196 honorifico
1072 4128 1256 4216 ubicunque
1285 4127 1347 4193 hoc

317 4231 448 4295 nomine
483 4232 590 4314 utitur,
611 4229 664 4295 ‘id
696 4231 784 4318 quod
819 4230 906 4298 facili
939 4253 1038 4320 opera
1070 4253 1112 4297 cx
1142 4229 1347 4296 multitudine

317 4475 364 4522 aut
398 4475 475 4524 antea
508 4471 624 4530 edietum
654 4478 693 4525 eat
724 4479 771 4527 aut
797 4474 949 4528 interdictio
983 4471 1184 4554 sacrorum-‘ot
1210 4471 1295 4524 8⁷33
1322 4473 1348 4524 et

319 4557 412 4612 atauo.
433 4557 466 4612 ad
483 4561 532 4614 871
542 4559 576 4612 Δ.
