3567 5500
948 764 990 835 60

535 954 699 1021 Indefiniti
731 929 838 1022 autem
875 956 1070 1039 commetiri,
1111 954 1198 1042 quod
1233 954 1380 1038 dicimus,
1418 959 1482 1023 tria

452 1067 526 1123 sunt
555 1079 691 1143 genera:
735 1068 792 1123 aut
820 1058 853 1123 id
882 1060 980 1141 valet,
1019 1058 1106 1146 quod
1135 1055 1226 1121 οὗτοι
1255 1057 1386 1141 πάντες,
1425 1071 1481 1125 aut

453 1159 541 1246 quod
561 1158 706 1240 ε’ὅιαστος,
731 1171 788 1226 aut
807 1160 896 1248 quod
913 1158 1007 1236 οὗτος
1028 1167 1209 1241 (τοσοῦτος,
1234 1171 1382 1237 τοιοῦτος
1397 1169 1480 1243 eta).

451 1261 560 1348 Atque
583 1262 617 1325 in
637 1265 740 1348 primo
756 1273 788 1328 et
808 1263 908 1329 altero
929 1284 1046 1348 genere
1069 1285 1233 1345 numerus,
1255 1262 1374 1350 dequo
1394 1266 1481 1348 cogi-

452 1361 597 1444 tandum,
634 1386 700 1429 non
731 1365 1014 1449 circumscribitur,
1052 1366 1109 1429 sed
1142 1366 1175 1429 in
1204 1366 1315 1457 primo·
1337 1368 1480 1429 universi

452 1465 777 1552 comprehenduntur,
801 1468 836 1531 in
852 1467 959 1532 altero
983 1467 1025 1547 ad
1049 1466 1192 1551 singulos
1214 1468 1394 1565 reqpicitun
1425 1468 1481 1554 qui

455 1578 533 1654 quot
562 1571 635 1649 sint,
675 1591 742 1634 non
762 1578 859 1655 patet,
913 1568 1017 1633 Tertii
1040 1578 1146 1633 autem
1169 1571 1294 1655 generis
1318 1568 1479 1633 correlati-

454 1690 531 1733 vum
564 1692 698 1735 numero
734 1669 903 1735 definitum
938 1680 1002 1753 est,
1047 1672 1239 1735 incertum
1278 1669 1479 1765 relinquitur,

453 1772 525 1857 quis
546 1777 613 1850 (aut
630 1780 769 1859 quantus
790 1782 846 1837 aut
867 1771 985 1859 qualis)
1009 1774 1049 1837 sit
1071 1794 1155 1837 unus
1179 1771 1244 1854 ille,
1267 1772 1307 1837 de
1329 1794 1393 1859 quo
1415 1775 1481 1859 agi·

453 1882 505 1936 tur
519 1872 572 1955 (cf.
593 1873 677 1959 legg.
700 1869 799 1939 864Ε
820 1871 880 1947 τὴν
899 1871 1027 1958 βλαβὴν,
1051 1866 1087 1949 ἣν
1106 1870 1147 1937 ἄν
1167 1898 1241 1937 τινα
1264 1874 1480 1960 καταβλάψῃ).

453 1974 583 2040 Etenim
613 1975 695 2041 haec
724 1977 867 2040 omnium
901 1974 1163 2041 correlativorum
1195 1986 1310 2041 natura
1345 1987 1408 2059 est,
1445 1986 1481 2041 ut

455 2077 556 2143 altero
581 2078 731 2165 quodque
752 2078 944 2143 correlativo
969 2087 1071 2163 egeat,
1108 2100 1171 2165 quo
1194 2078 1237 2160 id,
1276 2080 1364 2165 quod
1386 2081 1480 2165 signi-

453 2171 584 2244 ficatum
617 2180 838 2245 tantummodo
867 2189 944 2263 crat,
982 2178 1228 2266 explicationem
1260 2182 1412 2267 accipiat;
1446 2179 1480 2244 id

399 2348 405 2357 ,
455 2280 542 2367 quod
564 2283 599 2344 in
621 2303 658 2345 eo
682 2303 811 2367 genere,
848 2285 881 2347 in
904 2303 967 2368 quo
989 2304 1078 2346 nunc
1099 2304 1274 2366 versamur,
1309 2284 1479 2348 enuntiatis

454 2383 606 2459 relativis,
635 2383 669 2448 id
690 2395 738 2449 est
758 2384 893 2449 relativo
913 2386 1102 2470 pronomine
1123 2384 1311 2450 introductis
1336 2382 1479 2452 efficitur.

455 2484 598 2566 Quodsi
620 2487 655 2549 in
677 2487 745 2573 ejus
767 2485 856 2551 modi
877 2488 1049 2551 enuntiatis
1067 2485 1209 2553 relativis
1232 2508 1385 2571 magnum
1404 2508 1481 2551 sane

442 2586 581 2675 ,pondus
599 2589 684 2653 inest
700 2625 739 2639 -
754 2587 852 2675 idque
873 2588 1038 2675 aliquanto
1059 2590 1162 2676 majus
1185 2610 1283 2676 quam
1304 2590 1339 2651 in
1354 2588 1480 2655 demon·

456 2692 595 2757 strativis
610 2689 864 2778 pronominibus,
889 2713 971 2779 quae
986 2690 1234 2778 praenuntiandi
1249 2700 1304 2758 aut
1316 2690 1480 2778 repetendi

455 2803 579 2858 tantum
601 2779 786 2859 muneribus
811 2793 999 2880 funguntur,
1023 2831 1063 2844 -
1095 2793 1176 2858 nihil
1199 2793 1327 2878 linguae
1348 2803 1482 2860 naturae

456 2897 703 2970 convenientius
724 2906 802 2972 erat,
840 2919 946 2982 quam,
981 2899 1007 2961 si
1030 2895 1266 2961 indefinita'vis
1289 2897 1324 2959 in
1346 2894 1485 2960 correla

455 2999 521 3062 tivo
538 2984 667 3079 inesset,
691 3007 727 3061 ut
748 3019 807 3084 per
827 2996 998 3084 ἀναφοράν
1017 2999 1051 3061 in
1063 2996 1196 3062 relativo
1219 3000 1401 3080 iteraretur;
1431 3000 1482 3062 cui

455 3101 502 3163 rei
524 3121 713 3184 graecorum
742 3093 794 3182 dv,
833 3100 1008 3166 latinorum
1039 3122 1167 3187 cunque
1191 3098 1256 3180 (vel
1283 3098 1482 3186 duplicatio),

456 3210 601 3265 nostrum
619 3206 725 3267 immor
746 3202 890 3268 relativis
913 3203 1040 3290 adjecta
1061 3201 1157 3268 simili
1179 3201 1276 3266 modo
1297 3202 1482 3266 inserviunt.

540 3304 654 3390 Itaque
684 3327 787 3391 aequo
814 3306 889 3391 jure
924 3305 1041 3369 dicitur
1073 3326 1183 3369 omnes
1217 3304 1274 3389 qui
1306 3313 1338 3367 et
1372 3301 1483 3367 omnes

457 3407 654 3494 quicunque,
691 3405 810 3482 πάντες
838 3406 870 3469 o‘l
892 3415 924 3470 et
946 3403 1065 3482 πάντες
1092 3406 1123 3468 οἳ
1151 3401 1202 3487 ἄν,
1240 3405 1376 3480 εἷιασνος
1398 3398 1430 3480 ὅς
1453 3414 1485 3468 et

455 3509 590 3583 εἶιαστος
611 3500 643 3583 ὃς
665 3503 748 3592 alst)
763 3546 805 3556 -
827 3531 888 3573 nec
905 3517 1015 3573 tamen
1030 3508 1143 3574 eadem
1166 3530 1297 3594 prorsus
1319 3509 1362 3571 vi.
1399 3506 1483 3571 Nam

456 3614 490 3676 in
519 3610 667 3677 formulis
696 3609 815 3687 πάντες
838 3613 869 3673 οἲ
898 3607 940 3674 ἄν
962 3620 994 3676 et
1014 3611 1150 3687 εῗιαστος
1174 3604 1206 3686 ὃς
1230 3606 1271 3674 ἄν
1302 3610 1336 3673 id
1365 3611 1483 3696 ipsum,

455 3716 582 3797 nesciri,
606 3724 745 3802 quantus
768 3737 879 3780 corum
898 3711 1053 3779 mun'erus
1075 3716 1126 3793 sit,
1148 3714 1253 3798 magis
1277 3712 1421 3794 effertur;
1444 3710 1485 3775 de

455 3839 574 3904 genere
604 3826 701 3904 atque
730 3816 826 3881 modo
855 3816 995 3881 dubitari
1025 3818 1058 3880 in
1090 3814 1208 3880 talibus
1240 3817 1335 3895 inest,
1375 3813 1485 3901 qualia

456 3928 530 3985 sunl
551 3914 645 3993 οὗτος
666 3910 699 3992 ὃς
719 3911 772 4002 ἂν,
814 3911 887 3994 ὅσος
910 3913 951 3982 ἂν
975 3957 1025 3998 -,
1062 3927 1222 3994 τοσοῦτος
1229 3942 1237 3991 3
1286 3937 1485 4005 quamquam

455 4022 489 4085 in
522 4020 571 4084 his
608 4018 790 4084 cavendum
820 4030 877 4101 est,
916 4043 957 4085 ne
981 4021 1110 4086 diversa
1140 4021 1343 4084 misceamus.
1402 4018 1486 4083 Sunt

456 4125 543 4187 enim
580 4121 731 4207 exempla
767 4123 874 4207 specie
909 4121 1040 4209 quidem
1074 4122 1256 4208 propinqua
1291 4128 1323 4184 et
1355 4119 1484 4200 similia,

523 4367 694 4448 &quisque
713 4378 912 4445 -quicunque
934 4395 988 4430 non
1014 4378 1042 4428 in
1064 4395 1112 4431 usu
1132 4379 1212 4430 fuisse
1232 4379 1291 4443 (nec
1308 4379 1394 4444 magis
1417 4374 1486 4442 apud

456 4483 504 4519 nos
515 4467 591 4538 jeder
608 4469 655 4521 der
672 4466 778 4532 immor),
796 4481 874 4516 nemo
885 4466 1033 4518 mirabitur.
1063 4465 1130 4516 Nam
1149 4465 1260 4530 quisque
1278 4461 1413 4515 consimili
1431 4461 1485 4512 sor-

456 4554 573 4604 matione
590 4551 753 4604 indefinitam
771 4551 827 4603 vim
844 4552 948 4618 accepit
965 4557 1043 4616 atque
1061 4551 1202 4603 relativum
1221 4550 1377 4616 quicunque.
