3567 5500
440 1733 475 1813 Ι.
525 1732 611 1813 De·
627 1729 931 1813 fimdamento
961 1727 1133 1810 critico.
1168 1665 1179 1824 Ι,
1287 1687 1301 1807 f

357 2105 447 2171 Inter
466 2104 613 2170 homines
636 2103 758 2185 doctos,
780 2100 868 2189 quod
881 2103 989 2186 sciam,
1005 2123 1116 2168 omnes
1132 2123 1217 2166 nunc
1231 2122 1306 2167 con·

276 2217 347 2292 stat,
369 2207 616 2273 fundamentum
629 2228 729 2271 unum
752 2206 894 2271 omnium
916 2205 1133 2269 firmissimum
1155 2205 1231 2270 artis
1246 2206 1305 2269 cri·

274 2312 356 2376 ticae
377 2319 558 2375 accuratam
582 2307 729 2374 codicum
750 2329 822 2373 esse
842 2309 1065 2373 recensionem
1086 2317 1118 2372 et
1139 2305 1305 2396 comparass
1359 2386 1363 2389 .

274 2414 403 2495 tionem,
426 2423 471 2496 ut,
486 2435 567 2500 quae
585 2413 620 2475 in
633 2411 905 2498 praestantissimo
922 2432 1050 2498 quoque
1063 2409 1172 2476 codice
1188 2411 1307 2498 scripta

275 2524 411 2596 exstent,
436 2515 599 2601 scriptoris
621 2513 723 2578 verba
746 2534 816 2577 esse
839 2513 1018 2578 credantur.
1063 2511 1198 2579 Sublata
1220 2514 1305 2578 enim

270 2618 340 2704 jam
362 2617 487 2704 pridem
507 2638 546 2681 ac
562 2617 704 2704 penitus,
740 2623 776 2679 ut
802 2614 944 2697 videtur,
978 2613 1089 2681 evulsa
1119 2637 1161 2679 ex
1189 2616 1305 2680 animis

275 2728 324 2785 est
342 2719 399 2784 illa
420 2719 538 2806 opinio,
561 2740 625 2806 qua
648 2718 724 2783 satis
747 2717 802 2782 diu
822 2738 865 2781 ex
887 2717 1033 2782 codicum
1055 2718 1157 2783 omnis
1176 2716 1306 2803 generis

275 2821 481 2905 lectionibus,
506 2843 600 2907 xquae
629 2820 749 2907 ubique
779 2821 922 2884 maxime
951 2820 1129 2908 placerent,
1165 2818 1306 2905 eligendi

275 2925 336 2990 sibi
359 2945 544 2990 concessam
564 2945 634 2988 esse
654 2920 816 2987 licentiam
832 2922 1070 3005 existimabant;
1094 2944 1159 3010 qua
1178 2920 1307 2987 licentia

274 3028 425 3092 nimirum
448 3047 487 3091 eo
511 3024 649 3090 subinde
669 3034 899 3111 pervenerant,
935 3035 971 3090 ut
997 3026 1168 3114 scriptores
1191 3034 1306 3091 ornatu

276 3139 308 3192 et
339 3128 501 3213 elegantia
536 3128 676 3213 quadam
714 3124 949 3210 condonarent,
1000 3126 1128 3215 qualem
1159 3124 1206 3191 illi
1239 3145 1306 3192 non

275 3250 406 3312 prorsus
425 3230 659 3294 affectaverant.
705 3228 747 3292 At
774 3223 870 3311 enim,
901 3223 1060 3317 siquidem
1078 3230 1155 3296 artis
1177 3231 1307 3295 nomine

278 3327 375 3413 digna
396 3339 444 3394 est
459 3352 555 3417 opera
569 3331 677 3413 critici,
701 3353 768 3395 non
785 3354 860 3396 cum
874 3332 1005 3413 licentia
1020 3340 1052 3397 et
1063 3331 1194 3397 arbitrio
1210 3330 1307 3398 debet

275 3452 386 3515 agere,
417 3431 475 3497 sed
504 3434 557 3497 via
587 3454 626 3498 ac
649 3434 772 3497 ratione
793 3433 977 3521 procedere.
1023 3436 1131 3522 Atque
1150 3444 1246 3517 recta,
1270 3444 1306 3500 ut

277 3532 431 3616 diximus,
466 3536 520 3601 via
541 3535 612 3621 jam
640 3534 697 3598 diu
727 3534 933 3601 nobilissimis
954 3534 1306 3624 philologiaeducibus

150 3658 152 3673 ·
276 3643 454 3702 monstrata
474 3646 533 3701 est.

363 3737 429 3803 Sed
451 3740 598 3825 quamvis
624 3737 679 3803 illa
697 3741 740 3806 sit
756 3750 854 3814 ,recta
881 3748 913 3805 e't
936 3739 1086 3826 probata,
1121 3738 1307 3824 videndum,

276 3862 319 3905 ne
339 3849 503 3927 tamquam
523 3840 640 3906 circulo
660 3843 745 3907 vecti
762 3843 886 3925 eodem,
905 3840 992 3907 unde
1006 3841 1102 3907 modo
1122 3840 1308 3929 fugerimus,

149 4013 150 4016 Ἴ
276 3944 369 4029 proni
391 3940 592 4007 reducamur.
623 3944 719 4027 Nam,
739 3954 776 4010 ut
787 3946 920 4023 mittam,
937 3943 1109 4032 quomodo,
1127 3944 1181 4031 qui
1196 3945 1308 4031 optimi

278 4045 342 4109 sint
360 4043 497 4127 codices,
520 4057 756 4131 cognoscantur
777 4055 809 4112 et
828 4045 988 4131 eligantur
1005 4085 1048 4095 —
1067 4068 1153 4133 pone
1175 4069 1231 4112 eos
1251 4069 1308 4112 no·

278 4154 327 4209 tos
348 4168 418 4210 esse
452 4185 503 4229 —,
542 4150 638 4214 etiam
660 4150 693 4213 in
715 4149 840 4236 optimis
863 4147 1026 4213 codicibus
1048 4151 1156 4213 insunt
1178 4148 1307 4232 menda,

278 4247 388 4312 insunt
411 4246 474 4314 loci
496 4259 560 4315 tam
583 4249 744 4334 difficiles,
782 4260 828 4316 ut¹
846 4251 1057 4338 corruptionis
1085 4251 1214 4338 quidem
1242 4273 1309 4316 mo·

277 4359 377 4415 veant
398 4351 627 4437 suspicionem
664 4352 751 4439 quod
783 4375 887 4438 genus
915 4354 1041 4441 quoties
1063 4354 1217 4437 occurrit,
1251 4352 1307 4418 illo

277 4450 488 4518 fundamento
510 4452 662 4536 destituti,
687 4454 765 4541 quid
785 4455 941 4540 agamus?
973 4454 1026 4521 Ad
1047 4454 1188 4543 reliquos
1211 4464 1308 4520 antea

278 4554 476 4641 contemptos
498 4556 607 4643 inopia
631 4558 734 4621 coacti
754 4556 952 4644 refugiamus
974 4542 1027 4641 et,
1057 4579 1141 4645 quae
1168 4556 1308 4645 placent,

1018 4742 1021 4750 y
1090 4682 1101 4733 l
