3567 5500
965 769 1008 846 52

470 977 585 1051 torum,
620 985 705 1055 quae
728 989 794 1033 non
815 966 1016 1052 singulorum
1045 964 1299 1032 testimoniorum
1322 963 1378 1030 sed
1402 965 1500 1031 totius

471 1080 546 1136 sunt
568 1071 668 1135 critici
688 1072 790 1136 nostri
810 1067 1023 1136 fundamenti.
1067 1067 1212 1134 Oesuunr
1231 1067 1425 1132 creberrima
1446 1090 1501 1154 ap·

470 1180 561 1260 paret
583 1171 739 1255 confusio,
773 1170 904 1259 qualem
931 1171 1062 1236 librario
1089 1171 1313 1256 properantius
1349 1169 1500 1234 scribenti

470 1295 531 1338 neo
557 1276 729 1339 sententias
755 1273 893 1338 multum
921 1274 1044 1339 curanti
1075 1295 1141 1337 non
1177 1271 1300 1336 mireris
1325 1270 1517 1336 identidem.

473 1375 637 1442 accidisse.

555 1478 643 1544 Dein
657 1478 855 1565 syllabarum
877 1478 939 1542 hae
962 1487 1051 1542 erunt
1064 1477 1341 1544 commutationes:
1369 1501 1403 1538 ou
1417 1483 1448 1539 et
1463 1499 1500 1549 ας

470 1606 498 1656 ες
520 1590 552 1645 et
574 1605 608 1642 αι
630 1579 682 1660 (cf.
702 1580 789 1644 Bast.
812 1601 928 1645 comm.
954 1602 985 1666 p.
1002 1573 1074 1661 763,
1099 1580 1154 1665 qui
1176 1577 1427 1664 tachygraphioa
1444 1575 1499 1640 ha·

469 1704 541 1746 rum
565 1680 763 1767 syllabarum
785 1679 980 1768 compendia
1004 1681 1119 1746 similia
1144 1680 1242 1745 luisse
1269 1680 1364 1746 docet
1380 1679 1422 1760 ²⁸),
1456 1703 1501 1742 ειν

473 1791 939 1866 mmmmmmmw

556 1885 736 1952 Literarum
757 1910 783 1948 ει
801 1895 834 1952 et
852 1884 928 1966 stef.
940 1886 1028 1950 Bast.
1050 1879 1152 1972 puto
1173 1895 1204 1950 et
1218 1885 1374 1950 Prisciani
1394 1882 1499 1948 locum
1597 1877 1601 1882 ’

470 1988 495 2051 Ι.
519 2011 550 2075 p.
571 1985 634 2055 561
657 1987 702 2052 ibi
723 1985 871 2052 allatum:
907 2012 931 2050 ει
953 1987 1180 2074 diphthongus,
1210 2009 1307 2074 quam
1330 2007 1388 2072 pro
1412 1987 1500 2051 omni

472 2118 483 2152 ι
504 2091 602 2176 longa
623 2088 807 2156 scribebant
834 2113 923 2156 more
943 2091 1075 2178 antiquo
1098 2089 1296 2155 Graecorum
1308 2089 1358 2168 *ll
1382 2095 1447 2152 oet
1465 2113 1500 2163 ω,

470 2203 539 2258 set
559 2219 588 2270 η,
621 2218 644 2255 α
665 2202 697 2256 et
718 2217 742 2269 ε,
774 2205 848 2276 yet
866 2193 897 2269 d,
928 2204 998 2277 yet
1020 2217 1053 2268 τ,
1081 2195 1202 2274 reto,
1227 2217 1245 2256 ν
1268 2202 1299 2256 et
1318 2217 1329 2253 ι
1350 2189 1499 2272 (subscri-

469 2301 584 2380 ptum),
615 2319 634 2357 ν
656 2304 687 2358 et
708 2319 728 2356 v
748 2295 800 2376 (cf.
823 2296 912 2360 Bast.
935 2317 967 2380 p.
989 2289 1052 2376 735
1072 2301 1144 2381 sq.),
1177 2304 1240 2359 ret
1260 2320 1287 2380 ρ,
1318 2320 1347 2356 οι
1369 2303 1400 2358 et
1418 2319 1447 2368 n,
1466 2302 1499 2366 ἠ

472 2406 504 2460 et
517 2422 539 2471 ι,
572 2404 679 2476 neto,
711 2422 745 2459 αι
759 2407 792 2462 et
804 2423 831 2473 η,
855 2422 877 2459 α
891 2405 924 2462 et
934 2422 954 2464 ι.
971 2435 1011 2444 -
1033 2394 1204 2461 Nonnullis
1226 2396 1304 2473 locis
1326 2391 1501 2460 accedebat
1591 2405 1594 2415 '

472 2523 491 2562 ν
514 2497 566 2575 (cf.
588 2497 676 2565 Bast.
701 2521 733 2585 p.
744 2494 827 2578 740).
871 2497 1003 2563 Excidit
1023 2525 1034 2560 ι
1056 2506 1129 2584 post
1149 2523 1172 2560 τ
1193 2509 1261 2584 etp
1282 2497 1442 2579 (ci.Bast.
1466 2518 1498 2582 p.

472 2595 546 2679 747)
569 2607 600 2664 et
621 2610 697 2686 post
716 2605 741 2664 S
764 2602 799 2665 in
822 2599 984 2666 vocabulo
1014 2623 1096 2666 raro.
1157 2600 1307 2687 Denique
1335 2609 1448 2682 rante
1468 2622 1494 2672 ν,

471 2727 493 2764 α
512 2711 587 2767 ante
610 2701 639 2779 d,
674 2729 693 2789 p
714 2714 787 2790 post
807 2729 817 2765 ι
840 2705 1000 2770 omissum,
1019 2713 1067 2769 est
1089 2711 1221 2791 propter
1244 2702 1431 2783 formarum,
1463 2709 1496 2763 ut

470 2804 598 2869 videtur
616 2805 866 2871 similitudinem.
951 2810 954 2817 '

553 2906 624 2970 Neo
637 2917 745 2971 tamen
767 2922 808 2973 e'x
829 2909 879 2973 his
896 2910 1106 2995 corruptionis
1129 2906 1301 2993 generibus
1323 2906 1500 2995 quidquam

472 3007 514 3073 de
534 3007 655 3086 aetate,
673 3031 738 3096 qua
757 3010 955 3097 archetypon
976 3012 1138 3096 scriptum
1152 3010 1201 3091 sit,
1223 3018 1362 3075 statuere
1382 3011 1499 3075 ausim:

473 3120 588 3196 quarto
611 3110 737 3177 saeculo
757 3113 921 3199 antiquius
941 3134 1021 3194 csse,
1046 3112 1149 3195 exiis,
1172 3134 1255 3198 quae
1275 3134 1373 3198 supro
1395 3111 1502 3196 dispu-

425 3253 429 3275 .
470 3212 608 3279 tavimus
630 3219 674 3300 (p.
687 3209 751 3295 36),
775 3215 889 3280 elucet.

555 3385 747 3470 Expositum
771 3395 821 3451 est
847 3384 888 3449 de
911 3386 1046 3473 singulis
1076 3385 1249 3469 codicibus,
1291 3387 1331 3452 de
1361 3386 1499 3469 familiis,

468 3483 509 3551 de
530 3486 714 3573 archetypo.
773 3487 936 3573 Superest,
973 3498 1009 3554 ut
1029 3489 1070 3554 de
1098 3490 1284 3554 auctoritate
1308 3501 1341 3555 et
1363 3489 1498 3555 utilitate

468 3610 578 3655 eorum
595 3588 755 3674 judicium
779 3588 989 3677 proferemus.
1048 3590 1197 3655 Vidimus
1218 3591 1407 3674 nobiliores,
1443 3592 1499 3678 qui

468 3701 541 3755 sunt
572 3689 765 3775 Vossianus,
804 3692 978 3776 Parisinus,
1016 3693 1200 3776 Vaticanus,
1240 3705 1274 3760 ut
1307 3693 1498 3781 plerumque

466 3803 636 3878 praestent
649 3805 828 3861 ceterorum
855 3797 987 3878 cohorti,
1011 3798 1068 3861 'ita
1089 3807 1122 3861 et
1145 3797 1233 3882 ipsos
1257 3798 1374 3862 molem
1398 3818 1497 3883 quan-

468 3892 543 3961 dam
564 3896 684 3962 habere
705 3900 864 3981 vitiorum,
893 3921 977 3985 quae
998 3920 1039 3963 ex
1062 3908 1152 3985 parte
1173 3902 1296 3963 tantum
1319 3908 1497 3965 ceterorum

470 4064 677 4083 ⁰¹--u—-—

533 4166 558 4235 *l
593 4170 655 4222 vide
674 4169 772 4221 ibidem
794 4169 911 4221 tabulam
931 4170 975 4226 1v.
995 4172 1040 4223 Nr.
1060 4176 1073 4222 1
1093 4176 1119 4223 et
1137 4176 1161 4223 9.

516 4289 552 4355 ¹⁸)
587 4289 639 4341 Sed
656 4306 727 4353 eave,
754 4305 788 4340 ne
806 4288 868 4340 inde
890 4290 990 4355 aliquid
1008 4290 1040 4342 de
1061 4292 1197 4361 archetypi
1220 4297 1350 4361 scriptura
1370 4296 1495 4363 colligere

463 4390 540 4442 posse
559 4376 682 4444 opineris.
726 4376 773 4427 Est
794 4377 863 4427 enim
885 4375 950 4427 haec
963 4377 1078 4453 gnutatio
1100 4396 1153 4430 non
1172 4385 1274 4432 tentum
1293 4398 1343 4447 „ox
1360 4399 1432 4434 more
1451 4399 1495 4434 an-

462 4462 538 4528 tiquo
557 4462 743 4525 Gressomm‚“
772 4460 925 4524 sedetiam,
950 4461 974 4513 si
992 4463 1082 4515 Bastio
1101 4464 1165 4519 fides
1185 4472 1234 4529 est,
1260 4470 1433 4521 vetustiorum
1451 4485 1496 4519 no·

395 4545 401 4553 “
466 4553 581 4600 atrorum
600 4548 728 4615 codicum,
756 4549 830 4601 velut
846 4548 969 4601 Parisini.
