3567 5500
776 814 818 886 17

360 1006 544 1073 Nonnulla
558 1008 593 1071 in
625 1005 687 1072 hoc
707 1007 852 1093 margine
876 1006 944 1072 solo
967 1015 1094 1094 reperta
1114 1014 1182 1090 tam
1204 1029 1311 1094 praes-

276 1111 376 1176 tantia
395 1118 478 1191 sunt,
504 1119 541 1174 ut
561 1109 602 1175 ab
626 1110 773 1175 omnibus
796 1109 864 1175 lere
887 1109 1060 1175 editoribus
1083 1121 1214 1197 recepta
1237 1111 1311 1193 sint,

278 1211 368 1277 velut
391 1211 478 1299 quod
492 1208 596 1295 398,5
617 1207 728 1306 (blla)
742 1235 801 1300 pro
818 1210 1025 1300 ὑπερβάλλειν
1044 1211 1180 1299 legimus
1196 1238 1313 1299 παρεμ·

276 1311 415 1397 βάλλειν,
439 1338 535 1401 porro
551 1316 593 1379 Π.
606 1310 658 1399 39,
671 1313 690 1380 1
703 1312 814 1404 (8071))
828 1315 1119 1401 καταπεπιασμένῳ
1136 1326 1166 1381 et
1176 1317 1211 1381 Π
1225 1311 1277 1398 64,
1289 1307 1311 1382 2

277 1411 386 1497 (8203)
398 1413 493 1503 ἤρεμα
508 1418 566 1483 ubi
581 1419 720 1484 deterior
735 1442 863 1506 quoque
876 1419 970 1484 lectio
986 1417 1067 1506 ρητοὶ
1081 1427 1197 1501 'exstat
1214 1440 1310 1506 quam

275 1518 441 1584 Parisinus
460 1508 495 1584 in
519 1523 668 1607 margine
692 1531 877 1586 annotatam
899 1522 1007 1605 habet,
1043 1522 1181 1608 denique
1201 1515 1311 1602 7084

276 1618 387 1703 (7461))
413 1623 557 1709 ejusdem
591 1624 754 1710 plerisque
777 1626 993 1711 praestantiae
1015 1626 1120 1690 visum
1144 1630 1192 1687 est
1214 1622 1310 1686 docu-

276 1735 424 1789 mentum
461 1724 543 1790 illud
566 1725 841 1810 ἐπαναλαμβάνειν
873 1750 953 1816 prae
985 1727 1180 1814 reliquorum
1216 1722 1310 1789 codd.

277 1825 419 1892 lectione
440 1825 555 1892 πάντα
577 1824 758 1914 λαμβάνειν.

363 1929 436 1995 Jam
470 1931 512 1996 ad
549 1939 764 2018 praestantem
793 1931 890 1996 ‘illum
923 1938 954 1994 et
973 1931 1139 2017 antiquum
1162 1931 1308 1996 codicem

278 2032 482 2117 accedamus,
505 2055 601 2119 quem
622 2032 797 2098 identidem
819 2034 982 2118 attigimus
1001 2033 1130 2119 quidem
1152 2056 1212 2098 nec
1232 2053 1309 2099 vero

279 2144 428 2200 accurate
451 2135 557 2200 adhuc
580 2137 805 2218 tractavimus,
841 2135 1025 2199 Parisinum
1048 2134 1118 2201 dico
1141 2157 1230 2218 eum,
1253 2138 1308 2222 qui

280 2237 369 2324 apud
404 2238 591 2302 Bekkerum
625 2240 704 2303 nota
740 2239 771 2303 A
802 2239 953 2323 insigniri
991 2236 1082 2302 solet.
1163 2236 1308 2324 Scriptus

281 2348 329 2405 est
353 2339 477 2406 decimo
500 2341 780 2406 saeculo.incuntc
794 2339 911 2405 unciali
924 2334 1089 2427 scriptura.
1113 2339 1310 2404 Collationes

282 2444 350 2529 ejus
371 2443 454 2509 duae
474 2453 606 2530 paratae
626 2453 725 2526 crant,
757 2431 902 2508 Bekkeri
925 2452 956 2507 et
978 2440 1095 2526 Bastii;
1131 2442 1189 2508 sed
1213 2465 1308 2530 quam

283 2549 421 2611 maxime
453 2547 535 2612 mihi
555 2549 738 2633 importune
761 2554 794 2610 et
815 2544 949 2610 moleste
984 2546 1109 2628 accidit,
1151 2545 1238 2632 quod
1273 2546 1315 2609 iis

284 2670 378 2733 saepe
397 2648 494 2731 locis,
530 2651 564 2713 in
598 2648 714 2735 quibus
734 2649 874 2712 universi
902 2647 1072 2713 discrimen
1089 2647 1203 2735 judicii
1225 2648 1310 2731 posi·

284 2758 351 2812 tum
364 2762 455 2833 esset,
478 2750 576 2838 plane
588 2748 818 2838 discreparent.
853 2749 977 2837 Itaque,
987 2786 988 2799 ι
1000 2773 1042 2815 ne
1054 2753 1087 2815 in
1103 2749 1227 2820 lubrico
1241 2749 1310 2815 fun·

288 2849 433 2917 damento
456 2852 534 2917 milri
554 2876 607 2919 res
630 2853 802 2919 condenda
824 2860 918 2935 esset,
949 2852 1159 2918 suadentibus
1182 2854 1310 2940 optimis

210 2960 219 2967 ⁴
281 2955 540 3042 praeceptoribus
560 2955 837 3042 Gottingensibus,
872 2978 893 3019 a
914 2954 1021 3020 Felsio
1042 2958 1164 3043 juvene
1186 2956 1236 3021 his
1259 2956 1309 3021 lit·

280 3058 355 3119 teris
377 3058 498 3122 erudito
520 3081 579 3144 per
599 3058 771 3145 epistolam
792 3060 913 3142 rogavi,
928 3137 934 3149 ·
948 3066 983 3122 ut
1004 3054 1083 3123 mihi
1106 3058 1308 3123 collationem

281 3156 422 3221 locorum
440 3159 678 3242 nonnullorum,
700 3160 741 3225 de
763 3159 878 3248 quibus
893 3160 1033 3223 maxime
1051 3170 1234 3243 certaretur,
1255 3182 1310 3247 pa·

282 3268 368 3322 rarat
389 3282 428 3323 ac
460 3264 694 3331 transmitteret.
757 3262 848 3327 Haec
874 3264 971 3347 igitur
992 3283 1049 3327 suo
1073 3282 1219 3349 quaeque
1238 3261 1315 3327 loco·

282 3360 461 3428 testimonia
487 3364 626 3429 afferam.
683 3364 757 3430 Jam
783 3388 862 3431 vero
884 3365 1066 3428 Parisinum
1092 3366 1196 3451 ipsum
1220 3384 1311 3429 accu-

280 3464 379 3527 ratius
398 3466 642 3533 consideremus.
673 3468 738 3555 ,En
758 3466 948 3532 mendorum
968 3468 1036 3553 ejus
1060 3466 1184 3531 tabula:

365 3566 499 3632 τούτοιν
509 3570 661 3656 ὃατέροιν
668 3592 727 3657 pro
734 3567 866 3633 τούτοιν
873 3570 1014 3655 θατέρου
1025 3566 1059 3633 Π
1070 3561 1308 3661 217,9(904Α).

365 3670 550 3753 ἐπόψωνται
573 3697 632 3760 pro
653 3670 848 3756 ἐπιόψωνται
869 3671 904 3735 ΙΙ
923 3666 997 3753 292,
1019 3666 1041 3736 5
1063 3666 1189 3753 (9470).

366 3769 407 3837 ὧν
428 3798 487 3859 περ
507 3796 565 3860 pro
586 3772 628 3838 ὧν
647 3779 717 3861 περὶ
740 3771 813 3858 384,
836 3771 879 3841 10
901 3768 976 3853 (733
997 3768 1055 3867 D).

364 3876 453 3951 ξένον
473 3897 530 3962 pro
554 3877 653 3951 ξένιον
674 3878 708 3942 II
728 3873 803 3965 328,
827 3870 1002 3959 1(9658).

364 4003 502 4065 μητρεας
522 4002 582 4065 pro
605 3981 797 4065 μητρυιαῖς,*)
820 3976 894 4062 271,
911 3973 953 4045 15
974 3972 1104 4060 (6728)

365 4075 445 4156 ὅλως
467 4104 503 4143 τε
525 4104 584 4167 pro
608 4078 632 4145 ol
653 4087 756 4167 λῷστε
777 4082 810 4145 Il
831 4077 963 4165 332,10
985 4076 1112 4161 (968B).

364 4177 462 4269 ὥςπερ
483 4206 542 4269 pro
565 4184 603 4261 sig
623 4183 702 4271 πρὸς
722 4186 764 4269 Π,
783 4179 856 4267 242,
879 4181 901 4250 9
921 4174 999 4277 (919
1019 4183 1070 4262 Β).

343 4430 369 4498 *l
387 4444 480 4481 reram
499 4439 554 4478 asse
572 4431 707 4503 μητρυιᾶς
725 4427 835 4478 formam
853 4425 876 4477 si
895 4425 1055 4478 extrinsecus
1073 4422 1228 4475 confirmare
1246 4436 1312 4491 opus

276 4500 324 4583 e'st,
350 4517 428 4567 testis
446 4514 520 4565 adest
537 4513 682 4564 Menander
699 4513 797 4577 rhetor,
821 4512 874 4579 qui,
902 4528 981 4577 quum
999 4511 1118 4561 Platonis
1136 4510 1195 4561 loco
1212 4512 1311 4573 utatur,

275 4608 333 4657 iota
351 4602 421 4655 illud
439 4616 494 4652 non
514 4600 638 4667 negligit.
662 4599 748 4665 (Walz
765 4598 833 4651 rhet.
852 4615 940 4666 graec.
961 4598 1008 4651 IX.
1030 4598 1100 4667 148).

1101 4704 1117 4752 2
