3567 5500
786 731 809 804 5

280 917 348 988 fere
380 925 414 987 in
452 923 600 988 omnibus
636 922 847 1005 lectionibus,
881 932 1039 1012 quotquot
1071 924 1249 990 Stallbsum
1282 923 1315 988 et

279 1025 414 1091 Bekker
447 1049 489 1091 ex
521 1035 659 1112 utroque
698 1025 850 1089 afferunt.
890 1063 934 1072 --
976 1028 1077 1091 Porro
1108 1027 1151 1109 Π,
1173 1021 1247 1108 227,
1273 1024 1314 1108 10

281 1122 390 1208 (3031))
421 1151 494 1192 cum
517 1128 587 1192 cod.
611 1134 639 1191 A
664 1149 833 1192 commune
854 1127 951 1193 habet
976 1130 1154 1212 μεσογαίων
1182 1151 1241 1216 pro
1264 1151 1313 1193 ce·

280 1239 421 1293 tororum
440 1231 613 1314 μεσογείων.
636 1268 692 1296 .-·
706 1228 858 1316 Denique
881 1230 925 1312 H,
949 1226 1021 1313 162,
1045 1229 1194 1318 Iti-(pag.
1217 1225 1331 1310 8756)

278 1331 468 1416 prudentius
497 1333 573 1417 egit,
604 1333 661 1419 qui
694 1354 768 1396 eum
795 1331 978 1418 descripsit,
1014 1355 1111 1420 quam
1134 1343 1312 1398 ceterorum

279 1434 426 1498 codicum
448 1436 590 1515 scribae,
624 1435 679 1521 qui
701 1432 781 1498 illud
802 1432 1065 1518 pudsuodrivacor
1088 1436 1187 1522 (quod
1216 1436 1312 1500 etiam

267 1535 351 1600 cod.
375 1542 402 1598 A
427 1538 579 1618 servavit)
601 1537 646 1600 sic
668 1535 908 1623 disjunxerunt:
931 1537 1048 1621 μηδένα
1069 1537 1221 1605 suvavos.
1253 1536 1312 1602 Ille
1437 1599 1445 1612 ,

285 1639 372 1702 enim
405 1638 570 1704 Ricardini
600 1639 779 1724 descriptor
810 1648 895 1703 recte
930 1639 1077 1704 distinxit
1111 1639 1203 1724 μηδὲν
1235 1636 1311 1700 ἀδύ-

278 1765 389 1804 ναῖον.

364 1843 457 1924 Quae
480 1846 597 1925 omnia,
623 1845 771 1931 quamvis
793 1845 856 1908 sint
882 1854 938 1908 aut
956 1866 1034 1909 vera
1054 1854 1111 1909 aut
1125 1843 1311 1929 singularia,

278 1955 385 2010 tamen
408 1969 474 2012 non
495 1948 539 2012 ita
560 1956 636 2011 sunt
658 1957 852 2032 comparata,
874 1955 910 2010 ut
934 1947 1021 2010 hunc
1039 1946 1184 2012 codicem
1200 1947 1312 2011 ceteris

279 2050 491 2135 antiquiorem
513 2072 583 2114 esse
598 2049 745 2135 probent,
766 2048 823 2113 sed
845 2063 891 2129 ut,
916 2057 1071 2134 quantum
1093 2051 1236 2113 veritatis
1255 2047 1312 2112 ha-⁴

278 2149 386 2231 beent,
410 2153 508 2217 satius
531 2174 572 2216 ex
595 2150 818 2216 emendatione
840 2150 961 2215 librarii
985 2141 1051 2215 non
1074 2151 1172 2237 plane
1191 2149 1310 2236 graeci-

279 2253 352 2317 tatis
373 2255 487 2338 ignari,
510 2276 572 2318 nec
592 2264 702 2318 tamen
725 2253 987 2317 eruditifluxisse
1014 2261 1147 2335 statuas,
1169 2254 1201 2319 id
1224 2253 1312 2341 quod

279 2354 349 2419 aliis
374 2355 566 2442 quibusdam
589 2356 668 2420 locis
691 2356 907 2420 confirmatur.
953 2354 1063 2435 Quum
1086 2358 1172 2420 enim
1194 2350 1267 2436 366,
1289 2353 1311 2422 4

229 2463 241 2541 [
279 2454 385 2538 (718e)
406 2461 439 2523 in
459 2461 579 2524 rariore
603 2459 708 2523 forma
728 2458 848 2520 ἀνιδιτὶ
870 2457 1060 2539 offenderet,
1075 2460 1241 2550 notiorem
1256 2454 1310 2521 oir-

278 2562 387 2644 ίδρωτὶ
420 2560 597 2643 substituit3
636 2562 711 2624 item
731 2555 806 2642 248,
830 2556 851 2625 3
874 2556 960 2641 (661,
977 2567 1007 2641 a)
1039 2560 1163 2624 formae
1185 2558 1313 2644 τολμώη

280 2672 311 2726 et
332 2661 423 2736 νικώη
441 2665 498 2747 iis,
522 2687 602 2752 quas
626 2665 661 2727 in
683 2663 783 2728 codd.
807 2663 948 2744 invenit,
972 2664 1075 2747 magis
1100 2663 1214 2726 atticae
1241 2683 1312 2726 esse

282 2764 481 2831 videbantur.
501 2806 540 2816 -—

365 2867 449 2934 Ante
471 2868 639 2957 ἅνθρωπος
667 2893 698 2956 p.
720 2864 795 2961 461,
816 2865 867 2933 11.
890 2864 966 2949 (777
981 2868 1014 2949 b)
1049 2890 1106 2933 suo
1128 2918 1131 2925 .
1138 2868 1213 2955 jure
1236 2870 1310 2933 arti-

279 2970 387 3035 culum
409 2975 585 3059 requisivit,
607 2994 805 3058 quamquam
828 2992 901 3035 eum
917 2971 1037 3035 inferre
1051 2993 1118 3035 non
1134 2992 1215 3056 opus
1232 2982 1310 3051 erat,

278 3074 540 3160 quandoquidem
563 3075 675 3161 spiritu
697 3081 817 3138 mutato
841 3084 873 3137 et
893 3074 1046 3159 rescripto
1070 3066 1241 3157 ἅνθρωπος
1274 3074 1308 3135 vi

277 3176 359 3238 tium
377 3175 504 3239 facilius
527 3175 597 3240 tolli
613 3178 726 3262 potuit.

366 3276 405 3339 In
425 3278 537 3341 eodem
561 3277 669 3342 codice
693 3300 760 3341 non
783 3276 903 3341 infelici
923 3275 1038 3363 aliquis
1058 3278 1243 3365 conjectura
1267 3277 1302 3342 II

234 3460 240 3469 Ι
280 3374 353 3460 186,
375 3374 420 3443 22
442 3375 547 3459 (8896)
569 3402 628 3465 pro
647 3377 728 3464 ἄλλῃ
750 3380 805 3445 vel
826 3376 936 3462 ἄλλης,
974 3380 1062 3466 quod
1083 3382 1117 3444 in
1139 3379 1316 3445 verborum

278 3491 327 3545 est
363 3480 489 3563 ordine,
535 3476 643 3557 ἄλλοις
680 3484 904 3569 superscripsit
939 3482 998 3562 (cf.
1018 3482 1133 3547 Stallb.
1153 3482 1196 3547 ad
1217 3482 1248 3546 h.
1271 3481 1316 3562 1.),

278 3582 375 3663 Quod
407 3583 547 3671 denique
565 3581 639 3666 277,
663 3582 686 3651 5
707 3579 818 3678 (utta)
853 3584 1024 3651 articulum
1058 3583 1117 3661 τὴν
1147 3577 1223 3671 post
1250 3594 1317 3647 τῶν

277 3682 403 3748 πόλεων
431 3689 554 3771 posuit,
590 3686 624 3751 id
643 3685 804 3752 'consulto
832 3686 953 3751 facturn
976 3708 1050 3768 ,csse
1071 3687 1212 3769 videtur,
1252 3708 1317 3773 quo

280 3796 348 3850 τόν
368 3786 493 3851 πόλεων
515 3790 620 3874 magis
644 3788 871 3870 extolleretur3
896 3797 1017 3852 temere
1048 3798 1155 3853 autem
1186 3796 1217 3853 et
1250 3788 1318 3851 sine

279 3912 378 3954 causa
401 3889 505 3975 proba
525 3900 686 3956 mutatum
705 3893 738 3955 in
762 3889 873 3955 codice
898 3900 945 3953 est
968 3887 1129 3975 ἡγούμεθα
1147 3914 1206 3977 pro
1223 3887 1324 3974 οἰόμες

276 3997 325 4055 θα
345 3988 420 4073 297,
450 3990 467 4058 1
492 3988 609 4075 (6856),
632 3987 650 4067 ἢ
673 4016 732 4079 pro
755 3989 828 4055 οὐδὲ
850 3986 925 4073 262,
950 3987 994 4059 22
1019 3988 1143 4073 (6686),
1158 4014 1197 4056 ae
1221 3992 1320 4056 simili

281 4093 410 4159 licentia
447 4095 622 4159 verborum
660 4096 808 4161 ordinem
842 4090 917 4176 284,
939 4091 969 4160 8.
1003 4090 1152 4176 303,12.
1189 4088 1322 4177 32215

278 4199 331 4277 (cf.
353 4195 385 4259 Η
407 4192 757 4291 8614111131.)
793 4197 887 4262 aliter
925 4198 1098 4262 constituit.
1141 4196 1231 4260 Haec
1267 4216 1321 4259 au-

280 4311 346 4363 tem
369 4300 477 4365 omnia
513 4323 555 4365 ex
585 4301 716 4366 arbitrio
752 4299 842 4365 nulla
872 4300 1161 4387 manuscriptorum
1184 4297 1320 4360 auctori-

279 4408 344 4471 tate
367 4423 388 4467 a
410 4403 537 4469 curioso
560 4402 615 4473 illo
633 4402 762 4473 homine
783 4411 906 4468 novata
928 4423 1015 4489 esse,
1049 4398 1249 4495 probabilius
1276 4399 1322 4468 vi·
