3567 5500
762 799 805 874 83

175 993 179 1001 ’
269 981 408 1085 glossam
431 996 649 1064 introductam
676 1017 748 1061 esse
774 996 918 1083 conjecit.
977 992 1043 1060 Sed
1065 1017 1108 1060 ne
1137 997 1207 1083 ipse
1229 994 1299 1083 qui-

268 1102 343 1167 dem
362 1101 500 1166 multum
518 1100 595 1163 huic
616 1100 818 1186 conjecturae
837 1097 958 1179 tribuit,
988 1119 1048 1163 nec
1071 1100 1208 1181 omnino,
1234 1100 1300 1185 qui-

157 1204 161 1212 '
271 1225 397 1291 cunque
417 1202 526 1268 Procli
555 1223 678 1267 morem
702 1210 733 1265 et
764 1201 943 1266 socordiam
966 1201 1000 1263 in
1028 1199 1172 1265 locorum
1194 1200 1300 1265 Plato-

269 1307 414 1369 nicorum
448 1304 752 1369 commemoratione
785 1312 953 1384 noverunt,
989 1301 1065 1365 inde
1099 1302 1139 1366 de
1173 1304 1299 1387 origine

269 1406 478 1471 additamenti
500 1404 677 1492 quidquam
699 1404 901 1471 concludent.
926 1407 966 1451 '-
987 1402 1125 1486 Deinde,
1149 1403 1299 1491 quod-le·

267 1510 357 1593 gItur
381 1530 414 1593 p.
436 1504 536 1573 841ss
559 1503 600 1569 τό
626 1506 666 1580 δὴ
686 1504 860 1569 λανθάνειν
886 1501 1014 1568 τούτων
1035 1506 1163 1591 δρῶντά
1185 1532 1219 1568 τι
1240 1530 1296 1567 κα-

269 1608 328 1673 λὸν
355 1609 431 1696 παρ’
462 1608 575 1684 αὐτοῖς
603 1608 876 1693 εὀτονόμιμον
900 1612 968 1669 ἔθει
998 1609 1052 1669 καὶ
1084 1603 1217 1693 ἄγροίφῳ
1246 1632 1299 1669 νο·
1364 1634 1368 1641 ’

270 1714 384 1797 μισθὲν
403 1709 498 1796 νόμῳ,
533 1713 571 1774 ἰη·
596 1710 648 1774 his
680 1709 812 1795 νόμιμον
840 1710 926 1774 istud
952 1710 993 1774 ad
1022 1710 1211 1777 sententiam
1235 1708 1298 1773 loci

270 1835 403 1900 prorsus
430 1812 543 1900 inutile
572 1813 653 1876 nihil
676 1834 745 1877 esse
775 1811 875 1898 liquet
907 1812 969 1876 nisi
1001 1810 1162 1897 glossema
1184 1809 1227 1875 ad
1246 1836 1298 1875 νο-

271 1916 392 2001 μισθὲν.
437 1914 521 1979 Nam
542 1915 762 2002 praedicatum
784 1916 1012 1978 enuntiationis
1037 1924 1085 1979 est
1105 1912 1216 1995 καλὸν,
1245 1936 1299 1977 ne·

272 2040 345 2104 que,
382 2039 446 2104 quo
473 2026 594 2104 spectet
614 2015 755 2102 νόμιμον,
791 2016 921 2080 dixeris.
979 2014 1022 2079 At
1045 2018 1130 2079 enim
1163 2016 1239 2079 satis
1263 2016 1298 2078 in

270 2120 452 2208 propatulo,
489 2120 567 2206 quid
593 2119 803 2203 glossatorem
824 2118 1028 2205 permoverit,
1061 2126 1097 2181 ut
1118 2117 1200 2181 illud
1221 2116 1299 2204 adji-

271 2231 365 2287 ceret.
421 2222 495 2286 Alio
518 2222 603 2285 enirn
634 2220 704 2285 loco
724 2216 803 2302 (793
813 2220 853 2300 A)
875 2220 909 2285 id
931 2242 1033 2305 genus
1056 2219 1234 2285 officiorum
1257 2220 1300 2283 oi-

271 2316 367 2388 vium
377 2323 468 2387 Plato
491 2344 557 2387 non
577 2318 712 2410 ἀγράφῳ
734 2323 919 2406 νομισθὲν
940 2320 1023 2409 νόμῳ
1047 2322 1113 2404 sed,
1142 2330 1178 2385 ut
1200 2320 1298 2411 vulgo

251 2426 431 2506 dicebant,
459 2415 608 2509 ἄγραφον
628 2424 758 2509 νόμιμον
779 2433 1023 2511 nuncupaverat
1042 2421 1098 2503 (τᾶ
1120 2420 1300 2514 καλούμενα

271 2525 336 2589 ὑπὸ
364 2524 434 2589 τοῖν
452 2527 582 2588 πολλῶν
604 2522 739 2611 ἄγραφα
760 2523 899 2611 νόμιμα).
930 2566 964 2574 α-
1006 2526 1118 2611 Nuper
1139 2524 1299 2611 Sauppius
1405 2527 1406 2530 ’

272 2650 400 2715 quoque
421 2627 554 2713 (Philol.
578 2626 703 2692 XVIII.
726 2622 802 2709 540)
826 2628 884 2692 tali
918 2627 1047 2691 macula
1068 2626 1237 2692 Platonem
1261 2626 1299 2690 li-

272 2730 405 2795 beravit
461 2730 569 2810 Quum
592 2731 677 2794 enim
705 2729 812 2795 adhuc
836 2752 911 2821 pag,
932 2723 1032 2796 865ss
1066 2727 1154 2815 apud
1188 2750 1300 2792 omnes

275 2831 412 2897 editores
432 2832 512 2896 haec
527 2833 568 2896 de
582 2830 715 2897 medicis
738 2832 792 2896 lex
814 2822 904 2898 nulla
926 2832 1103 2896 offensione
1122 2831 1299 2916 legeretur:
1406 2850 1416 2884 τ

272 2929 393 3020 ἰατροᾶν
414 2934 448 2996 δὲ
470 2937 540 3019 περὶ
560 2934 705 3011 πάντων,
741 2927 783 2996 ἄν
803 2936 822 2996 ό
843 2919 1093 3020 θεραπευόμενος
1115 2930 1168 2996 ὑπ’
1190 2932 1299 2997 αὐτῶν
1363 2927 1365 2930 ’

271 3033 445 3100 ἀκόντων
473 3040 621 3120 τελευτᾷ,
654 3034 797 3123 καθαρός
819 3043 902 3098 ioan
923 3033 1139 3120 κατοὶνόμον,
1175 3038 1299 3122 primus

271 3135 433 3202 intellexit
457 3137 539 3203 illud
572 3136 716 3202 α’κόντον
738 3141 927 3225 neutiquam
948 3161 968 3202 a
988 3137 1123 3201 Platone
1145 3138 1311 3222 scriptum,

272 3262 342 3305 esse
362 3252 484 3326 posse'
510 3241 625 3327 Neque
646 3260 734 3322 vero,
763 3242 790 3304 si
812 3240 1042 3326 grammaticae
1066 3240 1223 3305 rationem
1244 3239 1300 3304 ha-

209 3329 214 3336 ’
270 3343 393 3421 bemus,
417 3341 628 3406 tolerandum
653 3352 718 3407 est:
750 3365 831 3420 „nam
855 3342 1011 3428 conjungi
1033 3340 1130 3406 debet
1153 3363 1225 3404 curn
1246 3341 1299 3402 ὑπ’

272 3441 388 3507 αὐτῶν.
448 3445 520 3508 Ηοο
541 3455 648 3510 autem
668 3467 689 3508 a
708 3445 878 3530 participio
901 3444 1149 3530 θεραπευόμενος
1170 3444 1298 3531 pendet.

271 3546 384 3632 Neque
405 3555 536 3632 propter
557 3569 700 3618 sensum:
745 3546 827 3610 Nam
850 3568 972 3633 ecquae
991 3549 1052 3610 ista
1078 3546 1211 3611 medicis
1232 3556 1303 3611 crat

271 3647 380 3729 tutela,
400 3650 428 3712 si
448 3669 554 3712 coram
568 3647 734 3735 judicibus
754 3671 882 3735 semper
900 3649 1014 3714 fuisset
1030 3647 1302 3735 persuadendum,

272 3751 350 3834 ipsis
371 3750 481 3814 invitis
501 3760 667 3834 aegrotum
684 3750 826 3836 aliquem
845 3759 980 3816 mortem
1000 3749 1124 3815 obiisse.
1163 3749 1207 3815 At
1228 3771 1304 3816 con·

273 3852 354 3916 tinet
375 3851 508 3938 quidem
529 3852 612 3916 illud
633 3849 777 3917 ἀκόντων
795 3854 918 3940 justam
941 3874 1071 3920 causam
1094 3861 1126 3916 et
1145 3854 1301 3918 rationem

272 3952 363 4038 legis,
403 3976 486 4040 quae
515 3965 585 4019 erat
606 3964 638 4020 et
657 3954 828 4020 Platonica
854 3964 887 4020 et
915 3957 1022 4025 attica.
1079 3954 1162 4019 Nam
1193 3956 1302 4019 invitis

272 4055 406 4120 medicis
429 4079 530 4143 quum
551 4057 634 4122 mori
657 4057 782 4122 soleant
802 4056 960 4138 homines,
995 4058 1132 4143 legibus,
1158 4056 1303 4144 quaeda

273 4157 374 4222 caede
406 4167 490 4242 sunt,
526 4157 575 4222 illi
599 4158 731 4224 obnoxii
764 4181 834 4224 esse
864 4182 931 4225 non
955 4160 1086 4226 debent.
1145 4159 1210 4225 sed
1240 4158 1303 4224 hoc

272 4269 508 4344 argumentum,
534 4262 680 4347 quamvis
699 4263 740 4325 sit
751 4284 876 4341 verum,
896 4259 1060 4328 alibrario
1079 4262 1221 4350 quidem,
1243 4283 1304 4325 nco

272 4371 381 4427 tamen
402 4385 423 4427 a
444 4361 580 4428 Platone
602 4365 702 4427 inseri
722 4365 862 4450 potuisse
885 4385 1074 4429 concessum
1098 4366 1167 4432 erit.

358 4463 459 4529 Aliud
477 4487 668 4551 perversum
687 4466 1002 4552 interpretamentum
1025 4476 1080 4532 aut
1101 4466 1304 4554 supplemen-

272 4574 352 4650 tum,
375 4566 463 4652 quod
474 4567 660 4633 Boeckltius
679 4562 724 4648 sm
734 4563 814 4637 Min.
829 4591 862 4656 p.
875 4562 951 4648 127)
967 4568 1141 4655 indagavit,
1164 4591 1196 4656 p.
1210 4564 1306 4636 6531)

1096 4689 1134 4742 6*
