3567 5500
686 775 829 887 fl⁷9

294 975 476 1043 communia
496 992 566 1038 esse
589 970 722 1060 possint,
757 971 996 1057 agglutinatum
1019 968 1060 1035 sit
1079 963 1323 1052 illud-abano,

294 1078 382 1167 quod
402 1099 469 1143 non
491 1097 624 1162 prorsus
646 1074 688 1139 ad
712 1095 751 1137 ea
772 1072 909 1160 quadret
931 1070 1057 1153 (Stallb.
1080 1070 1203 1157 primus
1223 1092 1324 1137 remo·

294 1183 361 1261 vit).
381 1218 424 1227 -
442 1180 537 1263 δρᾶν
554 1170 659 1258 803Α,
683 1175 772 1262 quod
792 1175 905 1240 merito
925 1172 1037 1239 Stallb.
1057 1175 1092 1239 in
1113 1174 1323 1261 suspitionem

295 1283 433 1366 vocavit,
477 1278 560 1345 Nam
580 1278 636 1343 illo
656 1278 792 1365 expulso
816 1277 945 1343 demum
968 1277 1165 1359 ¹concinnitas
1186 1278 1220 1341 in
1240 1276 1325 1344 banc

294 1384 465 1473 periodum
486 1381 618 1447 redibit:
641 1378 770 1445 ταύτὸν
791 1376 830 1455 δή
851 1375 1003 1463 paraclyti
1022 1380 1177 1464 φαίνομαι
1198 1380 1325 1463 ἐμαυτῷ

296 1485 401 1575 [δρᾶν]
424 1524 466 1535 -
497 1480 722 1570 πειρώμενος
744 1478 1044 1556 διαστήσασθαι
1068 1520 1109 1529 -
1130 1478 1324 1564 sarapidi-

294 1593 443 1652 λεσθαι.
489 1584 577 1665 Quid
600 1582 709 1651 enim?
758 1583 794 1651 Si
816 1585 897 1670 δρσῖν
925 1584 1106 1666 inserueris,
1143 1584 1200 1669 qui
1221 1581 1325 1647 infini-

294 1694 397 1757 tivum
419 1684 686 1770 καταβάλλεσθαι
707 1696 792 1752 recte
812 1685 990 1773 adjungere
1012 1686 1133 1772 poteris
1155 1685 1324 1772 superiori-

142 1824 146 1831 ·
201 1870 206 1877 ⁴
294 1790 429 1874 bus*)?
484 1790 553 1859 Nec
573 1789 963 1884 disparestacscivvu
985 1781 1104 1853 6430:
1133 1788 1195 1855 ,καὶ
1215 1784 1253 1863 δὴ
1274 1788 1326 1851 καὶ

295 1906 362 1959 τῶν
380 1889 591 1981 μαθημάτων,
610 1885 673 1955 ὅσα
692 1892 857 1976 ἀναγκαῖα
875 1888 1160 1977 προμεμαθηκέναι,
1182 1913 1324 1975 προμαν-

295 1996 417 2074 θοίνειν,
452 1996 522 2060 οἷον
543 1995 681 2059 τέκτονα
694 1984 827 2081 ιμετρεῖν
848 1992 865 2069 ἢ
885 1996 1104 2076 σταθμᾶσθαι
1125 1994 1180 2055 καὶ
1200 1995 1324 2077 πολεμι-

295 2099 351 2166 adv
372 2096 514 2163 lausiac
541 2099 706 2174 παίζοντα
728 2090 745 2172 ἢ
768 2122 803 2159 τι
823 2106 891 2159 τοῖν
914 2093 1072 2159 τοιούτων
1094 2090 1176 2159 ἄλλο
1196 2105 1324 2158 ποιοῦν·
1403 2149 1416 2175 ,

296 2228 343 2266 τα
366 2204 421 2287 οιαὶ
443 2204 617 2285 πειρᾶσθαι
646 2198 699 2263 διὰ
729 2210 795 2264 των
820 2200 956 2262 παιδιῶν
986 2201 1082 2261 ἐκεῖσε
1108 2198 1234 2281 τρέπειν
1253 2203 1324 2271 κτλ.

297 2305 390 2387 Quae
411 2305 438 2368 si
459 2302 561 2384 Plato,
600 2313 635 2367 ut
655 2324 744 2368 nunc
765 2304 798 2367 in
822 2301 915 2366 codd.
938 2300 1100 2387 leguntur,
1138 2302 1325 2388 scripsisset,

296 2407 374 2495 qnid
402 2425 521 2493 quaeso
550 2404 691 2471 voluisse
723 2402 956 2469 existimandus
984 2412 1077 2485 esset,
1119 2402 1199 2489 haec
1227 2426 1325 2491 appo

296 2532 393 2575 nens:
420 2502 488 2583 ἤτι
508 2516 575 2571 τοῖν
593 2504 750 2571 τοιούτων
772 2502 855 2569 ἄλλο
876 2502 1093 2568 ποιοῦνταῖ
1131 2503 1326 2573 coordinata

297 2614 381 2677 enim
409 2619 484 2675 sunt
515 2611 675 2685 παίζοντα
699 2618 731 2673 et
758 2605 933 2681 ποιοῦντας
959 2606 1034 2698 Δεοᾱ
1068 2605 1149 2693 quid
1177 2607 1239 2673 hoc
1268 2619 1325 2691 est,

299 2711 387 2800 quod
408 2720 536 2799 praeter
561 2710 669 2778 lusum
694 2710 800 2778 iacere
822 2709 932 2799 juberi
953 2707 1099 2798 possint?
1155 2708 1325 2796 Legumla·

299 2826 350 2880 tor
373 2816 459 2880 enim
477 2814 562 2896 dicit,
599 2816 820 2902 cujuscunque
841 2813 957 2900 aliquis
979 2815 1026 2879 rei
1054 2814 1177 2900 peritus
1198 2823 1230 2879 et
1251 2835 1325 2901 pro·

299 2916 361 2983 bns
381 2917 496 2994 artifex
516 2917 690 3004 aliquando
709 2917 790 2982 velit
809 2915 957 2998 evadere,
995 2937 1069 2982 eam
1090 2917 1238 3003 rapueris
1256 2917 1326 3003 jam

298 3018 409 3086 deberi
437 3021 584 3084 exerceri
606 3029 646 3102 et,
685 3041 749 3106 quo
780 3027 924 3105 tempore
949 3018 1115 3085 laboribus
1148 3028 1179 3084 et
1210 3019 1325 3086 studiis

271 3120 442 3188 'nondum
454 3143 524 3209 ⁸par
543 3132 627 3187 esset
647 3120 832 3204 subeundis,
857 3143 917 3208 per
937 3119 1031 3188 ludos
1050 3119 1190 3209 pueriles
1212 3120 1326 3188 saltem

297 3225 385 3290 uires
406 3223 566 3311 parandas
588 3234 619 3290 et
641 3222 810 3310 paullatim
831 3221 953 3288 artibus
973 3245 1043 3290 esse
1063 3222 1230 3310 aptandas.
1263 3221 1326 3290 Ita·

299 3349 362 3414 que
384 3325 466 3392 duas
483 3336 607 3391 tantum
628 3325 776 3391 videmus
795 3334 907 3412 patere
927 3327 997 3392 vias
1018 3327 1098 3413 ejus,
1135 3347 1232 3412 quam
1253 3327 1325 3412 prc'z

298 3431 400 3515 ponit,
434 3428 642 3509 educationis,
674 3450 774 3493 unam
795 3428 900 3492 severi
928 3428 1034 3512 studii,
1071 3428 1206 3494 alteram
1234 3427 1325 3494 ludo-

297 3553 368 3596 rum
392 3533 566 3612 (παίζοντα
595 3554 632 3592 τι
659 3532 713 3592 καὶ
742 3528 997 3608 σπουδάζοντα).
1054 3529 1179 3611 Quodsi
1214 3540 1328 3617 postea

298 3631 379 3698 dixit
411 3634 573 3709 παίζοντα
609 3633 776 3719 voluitque
810 3631 947 3713 alterum
981 3632 1161 3719 significare
1194 3632 1327 3699 modum

298 3735 546 3816 exercitationis,
569 3733 650 3800 nihil
671 3733 852 3821 superabat,
884 3737 946 3801 nisi
968 3734 1163 3821 subjungere
1186 3728 1204 3809 ἢ
1228 3759 1327 3798 σπου·

297 3834 440 3914 uagom
466 3836 520 3903 vel
549 3836 685 3903 similem
711 3843 834 3905 vocem.
879 3837 947 3902 Sed
969 3837 1049 3925 quid
1078 3836 1139 3904 sibi
1161 3836 1231 3903 vult
1253 3836 1271 3914 ἤ
1293 3849 1327 3900 τι
1372 3863 1373 3869 “

295 3934 446 4002 τοιοῦτον
466 3933 637 4017 ποιοῦντα,
659 3949 824 4027 tamquam
843 3939 945 4006 multa
963 3941 1082 4027 pariter
1100 3940 1176 4010 iniri
1194 3949 1327 4028 possent

361 4147 386 4214 ⁴⁸)
422 4147 589 4200 Constructio
610 4136 700 4212 iniis,
730 4161 797 4213 quae
816 4153 970 4215 sequuntur,
994 4145 1060 4200 haec
1076 4152 1130 4202 est:
1164 4145 1198 4200 ad
1218 4149 1326 4219 partici-

293 4232 367 4300 pium
386 4229 545 4309 πειρώμενος
569 4235 702 4300 pertinent
729 4225 940 4298 διαστήσασθαι
963 4227 1001 4286 τά
1019 4239 1076 4287 τῶν
1101 4233 1169 4300 βίων
1191 4232 1326 4304 σχήματα

292 4310 369 4370 κατὰ
395 4311 541 4396 τρόπους
565 4311 631 4383 τούς
657 4324 715 4372 τόν
740 4325 855 4389 ψυχῶν,
890 4321 1000 4387 quibus,
1037 4326 1067 4371 nt
1093 4325 1166 4372 recte
1194 4320 1326 4372 intellexit

294 4403 396 4468 sunt,
428 4419 475 4471 per
499 4406 656 4458 abusionem
678 4401 809 4472 qnondam
834 4405 1006 4474 respondent:
1043 4399 1148 4470 ὄντος
1168 4401 1264 4480 αὐτῶν
1282 4397 1336 4485 τοὶΙ

291 4481 471 4564 τροπιδεῖα
498 4486 740 4562 καταβάλλεσθαι,
774 4492 869 4545 deinde
897 4499 984 4545 autem
1005 4492 1065 4560 lege
1091 4507 1140 4560 pro
1166 4498 1325 4548 σκοπεῖν-

292 4581 425 4632 σκοπῶν
443 4578 477 4632 σι’.
495 4580 570 4630 tm
589 4583 616 4630 et
632 4578 747 4643 Boeckh.
765 4579 795 4630 in
813 4580 882 4632 Min.
902 4583 959 4634 114.
