3567 5500
428 945 562 1022 ποιητὴν
583 949 615 1010 ἐν
638 943 680 1032 τῇ
700 944 821 1024 ποιήσει
841 948 941 1034 τέρπῃ
968 952 1092 1037 ῥυθμοῦ
1115 942 1131 1024 ἢ
1153 950 1261 1035 μέλους
1283 944 1298 1027 ἢ
1321 948 1459 1037 ῥήματος

428 1044 574 1133 ἐχόμενον
594 1059 697 1125 τοῦτο
719 1047 918 1114 διδάσκοντα
939 1054 993 1115 καὶ
1023 1050 1099 1128 τοδς
1126 1044 1193 1116 τοῖν
1221 1051 1358 1139 εὐνόμων
1382 1068 1458 1119 παῖ-

330 1207 334 1212 ,
428 1151 487 1225 δας
507 1153 560 1213 καὶ
581 1151 667 1229 νέους
686 1155 809 1228 ἐντοῖς
833 1166 939 1240 χοροῖς
960 1147 977 1216 ό
998 1180 1032 1218 τι
1055 1146 1096 1217 άν
1118 1154 1199 1241 τυχρ
1221 1154 1458 1241 ἀπεργάζεσθαι

428 1250 507 1337 πρὸς
528 1249 642 1339 άριτήν
663 1248 680 1330 ἢ
701 1257 890 1342 μοχθηρίανς
925 1256 964 1319 In
986 1257 1046 1338 his,
1078 1258 1139 1321 nisi
1163 1258 1234 1343 quis
1260 1268 1380 1324 statuat
1401 1261 1457 1337 ἐξέ-

428 1360 547 1418 σεσθαι
576 1356 754 1444 subjeetum
782 1356 901 1422 habere
934 1356 993 1432 τὴν
1028 1360 1098 1445 περὶ
1132 1357 1192 1434 τάς
1213 1356 1352 1436 Μούσας
1384 1387 1457 1424 παι-

352 1484 359 1493 ⁸
428 1458 515 1521 δείαν
537 1460 648 1520 τεκαὶ
672 1457 817 1534 παιδιάν,
855 1460 942 1546 quod
966 1482 1008 1525 ne
1028 1482 1180 1545 graecum
1211 1462 1341 1546 quidem
1366 1462 1456 1545 foret,

429 1582 495 1623 non
527 1559 644 1643 video,
684 1560 844 1647 quomodo
879 1560 1047 1626 commode
1081 1563 1184 1648 possit
1216 1561 1273 1627 illa
1307 1565 1457 1650 periodus

429 1663 579 1743 construi,
610 1663 673 1727 nisi
695 1664 749 1726 καὶ
769 1661 859 1745 illud,
893 1663 981 1750 quod
1003 1671 1076 1749 post
1093 1663 1294 1729 διδάσκοντα
1312 1664 1456 1749 habetur,

429 1762 710 1831 eliminaverimus.
754 1763 838 1829 Nam
867 1763 982 1829 Stallb.
1015 1765 1144 1851 quidem
1175 1765 1257 1831 Astii
1292 1771 1457 1852 sententia,

430 1888 494 1952 qua
514 1867 568 1928 καὶ
599 1889 660 1952 per
690 1865 892 1953 hyperbaton
924 1868 1136 1953 postpositum
1168 1890 1239 1933 esse
1264 1869 1349 1951 dicit,
1367 1872 1457 1957 „jura

430 1952 611 2054 improbata
632 1968 684 2048 (of.
706 1968 827 2055 Haupt.
850 1967 1010 2035 observat.
1034 1971 1100 2034 orit.
1122 1992 1196 2056 pag.
1219 1967 1262 2037 55
1284 1977 1378 2058 νοω),
1412 1980 1456 2036 ta·

429 2092 515 2152 men,
535 2070 622 2156 quod
639 2072 710 2156 ipse
731 2069 861 2157 profert,
885 2070 1076 2161 particulam
1096 2072 1137 2137 ad
1152 2070 1228 2147 τοδς
1241 2082 1307 2135 τῶν
1321 2070 1457 2158 εὐνόμων

427 2173 550 2247 παῖδας
565 2174 735 2257 pertinere,
758 2173 821 2238 hoo
840 2172 1006 2238 obscurius
1020 2172 1106 2237 dicit.
1138 2174 1220 2239 Nam
1235 2167 1311 2251 τοδς
1324 2178 1456 2251 παῖδας,

428 2295 530 2360 quum
552 2278 584 2336 ἐν
609 2286 678 2349 τοῖς
699 2289 805 2359 χοροῖς
825 2275 867 2339 ad
888 2274 955 2339 alia
986 2276 1145 2361 pertinere
1169 2278 1353 2362 vixpossit‚
1393 2278 1457 2343 nisi

429 2374 471 2439 ad
493 2375 693 2438 διδάσκοντα
714 2373 789 2451 τους
809 2386 874 2439 τῶν
896 2374 1031 2463 εὐνόμων
1050 2379 1178 2457 παῖδας,
1202 2378 1363 2465 objectum
1387 2402 1456 2445 esse

429 2476 519 2542 verbi
549 2475 709 2541 διδάσκειν
741 2487 884 2565 apparet,
920 2501 1026 2566 neque
1050 2501 1070 2542 a
1091 2478 1190 2544 verbo
1220 2478 1457 2567 ἀπεργάζεσθαι

428 2571 580 2667 pendere.
638 2580 731 2660 Quae
753 2582 780 2644 si
802 2582 847 2645 ita
871 2589 956 2663 sunt,
981 2583 1051 2667 jam
1074 2604 1141 2647 non
1165 2585 1361 2671 conjungere
1386 2583 1457 2651 lieet

428 2684 484 2745 καὶ
504 2680 580 2760 τοός
602 2722 641 2730 -
665 2685 787 2759 παῖδας
806 2682 1055 2771 ἀπεργάζεσθαι,
1091 2706 1151 2749 nee
1171 2685 1222 2752 vel
1234 2688 1457 2772 ,ingenuorum

429 2785 568 2872 (legibus
590 2786 811 2866 adunatorum)
832 2787 919 2853 filios
949 2809 1135 2874 comparare
1163 2799 1279 2872 vertas,
1317 2790 1404 2876 quod
1427 2800 1458 2856 et

429 2889 525 2968 aliam
559 2890 665 2975 potius
699 2888 873 2953 verborum
906 2889 1149 2955 collocationem
1182 2891 1359 2977 postularet
1391 2894 1457 2970 (καὶ

429 3002 494 3055 τῶν
517 2987 653 3074 εὐνόμων
677 2987 753 3065 τοός
774 2991 907 3070 παῖδας)
942 3001 974 3056 at
1006 3013 1065 3078 per
1093 3015 1128 3058 se
1161 2995 1235 3057 satis
1266 2993 1457 3079 languidum

429 3103 522 3175 esset,
546 3093 625 3180 quia
645 3114 755 3157 omnes
776 3093 835 3157 filii
856 3095 890 3158 in
912 3093 972 3158 hae
992 3094 1120 3160 civitate
1143 3096 1260 3159 civium
1282 3105 1356 3178 sunt
1377 3094 1455 3180 legi-

430 3196 489 3260 bus
513 3194 738 3260 obedientium.
796 3193 882 3274 Quid
905 3197 1004 3281 igitur
1026 3207 1180 3283 superest,
1214 3197 1277 3262 nisi
1291 3207 1335 3261 ¹ut
1362 3199 1457 3284 parti-

429 3297 535 3362 culam
554 3295 779 3361 eliminemus?
1496 3371 1501 3380 ,

512 3398 637 3463 Eadem
659 3399 818 3465 medicina
840 3400 938 3466 allata
967 3402 1062 3466 etiam
1094 3401 1148 3466 alii
1178 3402 1247 3468 looo
1278 3403 1389 3468 nescio
1414 3425 1456 3466 an

429 3503 592 3587 integritas
615 3502 737 3567 restitui
760 3504 917 3591 simulque
939 3504 989 3585 lis,
1023 3525 1105 3590 quae
1129 3527 1247 3589 magna
1268 3507 1351 3570 inter
1373 3505 1456 3568 oriti-

428 3627 484 3670 oos
514 3605 658 3669 homines
690 3605 821 3688 exstitit,
858 3605 1027 3693 dijudicari
1060 3609 1169 3692 possit.
1228 3606 1266 3671 In
1295 3607 1457 3694 plerisque

428 3706 617 3772 editionibus
647 3708 731 3772 enim
755 3709 805 3789 (B.
829 3709 872 3774 H.
897 3709 1012 3774 Sallu
1039 3709 1131 3794 Tur.)
1156 3733 1228 3796 pag.
1252 3705 1345 3776 886ss
1379 3709 1457 3774 haee

427 3809 593 3896 leguntur:
616 3808 759 3893 χαλεπόν
780 3834 815 3894 γε
835 3810 941 3894 λόγον,
967 3808 989 3875 ὦ
1010 3813 1081 3892 ξένε,
1104 3810 1225 3898 εἰρηκώς
1245 3809 1410 3896 τυγχάνεις
1432 3810 1458 3873 s's'

428 3936 461 3996 γε
482 3913 524 3986 εἷς
544 3912 581 3984 ἦν
601 3911 715 3997 μόνον·
742 3923 798 3976 νῦν
820 3913 853 3974 δὲ
878 3907 933 3976 ὅτε
955 3914 1143 3999 πάμπολλοι
1166 3911 1374 3999 τυγχάνουσι,
1410 3921 1457 3976 ἑτι
1492 3932 1494 3938 ’

427 4010 650 4098 χαλεπώτερον
679 4008 720 4078 olo
750 4013 803 4087 εἴη.
871 4015 914 4080 At
950 4016 1061 4102 optimi
1094 4021 1142 4097 (A
1164 4021 1195 4082 Ω
1216 4043 1235 4078 υ
1255 4023 1298 4098 x)
1332 4016 1457 4080 codices

427 4115 548 4181 habent
569 4125 625 4178 νῦν
640 4115 674 4177 δὲ
689 4111 778 4199 όμτες
791 4113 980 4201 πάμπολλοι
994 4116 1194 4201 τυγχάνουσι
1207 4125 1255 4181 ἐτι
1277 4118 1316 4184 of.
1328 4117 1457 4183 Schnei-

428 4216 486 4282 der
518 4216 561 4281 ad
589 4217 748 4304 rempubl.
771 4218 836 4283 vol.
859 4218 884 4282 I.
908 4242 939 4305 p,
961 4215 1033 4301 151,
1070 4221 1124 4306 qui
1151 4218 1231 4285 illud
1255 4220 1320 4286 edit
1343 4243 1382 4285 ao
1405 4221 1457 4285 de·
1645 4295 1646 4298 ς

427 4318 536 4385 tendit.
596 4317 825 4385 Stallbaumius
862 4329 973 4387 eontra
1005 4320 1096 4386 illam
1131 4323 1323 4408 opinionem,
1360 4345 1457 4409 quam

428 4421 524 4486 valde
546 4420 716 4486 adamasse
737 4422 871 4506 videtur,
907 4445 1018 4488 rursus
1050 4423 1227 4508 proferens,
1269 4427 1357 4512 ipsos
1384 4446 1457 4510 pas·
1645 4411 1646 4450 l

427 4524 488 4587 sim
510 4524 648 4611 optimos
675 4524 814 4602 oodioes'
830 4525 1007 4611 importuni
1029 4526 1129 4594 oritioi
1151 4549 1249 4592 manu
1272 4528 1370 4594 fuisse
1393 4537 1457 4596 tao·
1544 4607 1553 4618 .
