3567 5500
720 706 745 776 7
796 752 859 826 101

307 948 388 1034 6ηῆ
419 958 459 1031 et,
494 935 579 1035 quae
607 956 794 1034 sequuntur.
838 947 947 1035 Atque
966 946 1021 1011 alii
1044 944 1107 1012 alio
1134 944 1230 1012 modo
1260 946 1342 1013 haec

306 1073 420 1118 sanare
435 1049 616 1115 studebant.
654 1047 887 1115 Stallbaumius
906 1052 1041 1137 primus,
1065 1049 1152 1135 quod
1168 1050 1286 1131 sciam·
1300 1048 1341 1114 de

306 1152 554 1239 interpolatione
574 1151 719 1236 cogitans
742 1150 844 1217 verba
868 1151 1088 1235 ἀπεικασμένα
1109 1160 1151 1236 τῇ
1172 1160 1239 1213 τῶν
1261 1156 1339 1215 κλω-

305 1255 456 1336 σθέντων
470 1262 517 1337 τῷ
541 1254 618 1338 πυρὶ
650 1252 802 1317 cancellis
835 1254 967 1320 inclusit
996 1262 1027 1317 et
1059 1253 1211 1340 deinceps
1242 1252 1339 1318 scribi

300 1357 398 1444 jussit
417 1352 477 1430 τὴν
499 1352 753 1442 ἀμετάστροφον
777 1352 1030 1442 ἀπεργαζομένην
1053 1354 1197 1439 δύναμιν,
1236 1355 1280 1418 ita
1302 1363 1339 1419 ut

304 1445 561 1543 ἀπεργαζομένην
593 1456 767 1523 referretur
795 1457 837 1523 ad
866 1456 1023 1546 σάτειραν
1047 1468 1113 1521 τῶν
1143 1456 1339 1532 νηθέντων

304 1558 380 1642 (hoc
400 1561 485 1623 enim
508 1580 568 1645 pro
586 1558 767 1643 λεχθέντων
786 1562 899 1647 ponit).
934 1560 988 1643 At,
1011 1549 1170 1647 siquidem
1190 1558 1231 1623 de
1254 1558 1338 1643 glos-

305 1671 424 1727 semate
444 1660 498 1725 hic
517 1660 640 1747 aliquid
656 1671 841 1748 suspectum
859 1662 1027 1745 habemus,
1053 1660 1206 1727 cancellis
1229 1658 1338 1747 paullo

304 1763 456 1829 audacius
479 1762 620 1849 quidem,
658 1772 691 1827 at
712 1764 829 1849 aptius,
864 1764 990 1851 opinor,
1029 1764 1231 1829 includemus
1258 1761 1339 1828 hacc

303 1863 418 1932 verba:
446 1874 512 1928 τῶν
532 1862 712 1948 λεχθέντων
734 1860 952 1951 ἀπεικασμένα
974 1876 1040 1929 των
1060 1865 1282 1947 κλωσθέντων,
1304 1875 1341 1931 ut

303 1976 491 2034 remaneant
509 1963 569 2041 την
580 1960 750 2051 Ἀτροπον
771 1964 809 2041 δὴ
831 1969 944 2056 τρίτην
962 1964 1119 2056 σσέτειραν
1140 1978 1187 2053 τῷ
1207 1968 1283 2055 πυρὶ
1296 1965 1337 2048 (l)

301 2068 362 2145 την
383 2065 636 2156 ἀμετάστροφον
649 2067 911 2155 ’ἀπεργαζομένην
933 2067 1077 2155 δύναμιν.
1132 2070 1217 2137 Nam
1239 2079 1270 2135 et
1293 2092 1334 2136 ex

301 2173 406 2238 verbis
429 2173 622 2257 antegressis
645 2182 676 2237 et
700 2172 813 2254 exiis,
846 2194 932 2259 quae
954 2182 1142 2259 sequuntur,
1158 2194 1160 2201 ·
1175 2194 1334 2239 summam

219 2273 222 2277 ⁴
301 2276 480 2341 sententiae
501 2273 586 2338 hanc
608 2294 678 2338 esse
695 2272 861 2339 videmus:
887 2296 955 2340 non
976 2276 1073 2340 modo
1097 2276 1173 2340 ferri
1196 2283 1227 2340 et
1248 2273 1335 2338 iusti-

300 2379 348 2444 tui
379 2377 467 2461 leges
500 2374 626 2458 debere,
664 2376 721 2440 sed
749 2377 847 2441 etiam
876 2379 1001 2443 servari
1024 2388 1056 2443 et
1077 2380 1112 2444 in
1142 2386 1335 2464 perpetuum

301 2478 465 2561 custodiri,
502 2474 562 2552 τὴν
587 2473 837 2565 ἀμετάστροφον
865 2475 1000 2566 δύναμιν
1029 2482 1113 2545 enim
1134 2482 1173 2544 iis
1195 2479 1336 2543 tribuen-

302 2582 379 2648 dam
400 2602 479 2646 esse.
522 2580 618 2644 Hanc
639 2589 745 2644 eutem
767 2583 959 2645 sententium
979 2584 1048 2671 jam
1069 2583 1104 2646 in
1127 2583 1268 2668 antiquis
1289 2578 1335 2644 lu-

302 2685 387 2749 bulis
419 2681 556 2771 pulchre
574 2682 734 2770 depictam
760 2704 831 2747 esse
858 2684 999 2748 maxime
1020 2685 1054 2749 in
1086 2686 1136 2766 iis,
1180 2703 1264 2771 quae
1294 2681 1336 2747 de
1425 2736 1432 2749 ,

303 2787 412 2851 Parcis
433 2775 618 2853 narrentur.¹
661 2786 763 2851 ‘Nunc
794 2786 892 2871 igitur
913 2785 948 2850 id
974 2786 1204 2875 quaerendum,
1243 2785 1335 2872 quid*
1390 2795 1396 2814 '

303 2911 379 2954 uam
400 2891 434 2953 in
455 2887 516 2952 illa
536 2888 577 2953 de
598 2889 710 2954 Parcis
733 2887 848 2954 fabula
869 2887 947 2953 huic
969 2888 1188 2974 legumlatoris
1214 2898 1337 2952 senten·

302 2993 367 3056 tiae
386 2990 467 3056 adeo
488 2989 598 3054 idonei
619 2999 650 3054 et
668 2991 843 3077 opportuni
862 2993 949 3056 insit.
983 2991 1025 3056 Ni
1045 2991 1142 3057 fallor
1163 2991 1227 3055 duo
1247 2999 1335 3054 sunt:
1379 2973 1383 2982 ¹

301 3095 441 3181 primum
470 3092 558 3180 quod
587 3090 718 3180 aliquod
751 3115 832 3180 opus
860 3115 1015 3178 magnum
1046 3102 1077 3158 et
1110 3115 1211 3178 grave
1233 3115 1253 3156 a
1275 3091 1335 3155 diis

303 3195 369 3261 illis
399 3195 585 3261 elaboratur
607 3204 638 3258 et
660 3194 780 3277 finitur,
819 3194 937 3260 deinde
966 3193 1055 3281 quod
1085 3193 1212 3260 finitum
1242 3194 1335 3258 stabi-

302 3297 385 3363 liunt
414 3308 446 3363 et
476 3298 614 3362 servant.
671 3296 836 3362 Posterius
872 3306 980 3362 autem
1012 3296 1102 3384 quod
1136 3297 1337 3363 elaboratum

303 3410 442 3483 servunt,
469 3399 532 3465 hoc
554 3400 686 3486 quidem
708 3392 780 3462 loco
803 3398 902 3483 longe
922 3401 1149 3486 gravissimum
1172 3410 1230 3466 est.
1275 3397 1337 3464 Cu-

299 3505 353 3590 jus
378 3511 485 3566 autem
513 3500 680 3566 extribus
703 3500 768 3564 illis
787 3510 896 3587 partes
918 3503 1068 3567 servandi
1091 3513 1122 3568 et
1153 3500 1336 3566 stabiliendi

304 3606 376 3687 sint,
410 3627 454 3669 ne
479 3604 543 3668 hoc
564 3603 696 3690 quidem
720 3600 855 3666 dubium
878 3613 933 3668 est.
978 3605 1117 3669 Nomine
1139 3607 1221 3691 ipso,
1255 3602 1337 3666 dilu-
1379 3601 1386 3683 f

205 3737 211 3746 ·
304 3707 376 3772 cide
395 3708 516 3772 indicat
538 3702 714 3790 Ἄτροπος,
737 3705 824 3791 quod
845 3728 963 3771 nomen
981 3705 1085 3789 Plato,
1113 3715 1150 3790 ut
1177 3704 1335 3793 ejusmodi

304 3809 555 3897 explicationum
589 3818 638 3874 est
658 3829 780 3891 amaus,
814 3809 998 3892 significare
1032 3807 1215 3891 diuitem,
1252 3829 1337 3894 quae

297 3909 372 3976 ¹rem
395 3910 579 3976 absolutum
604 3933 669 3975 non
696 3912 767 3998 jam
788 3905 909 3996 patitur
931 3910 1076 3975 dissolvi.
1134 3910 1226 3991 Quae
1247 3912 1275 3974 εἰ
1300 3920 1337 3974 ut

304 4015 339 4078 in
359 4013 492 4078 nomine
513 4014 558 4077 ito
581 4014 614 4077 in
632 4012 722 4076 illius
749 4014 845 4076 unius
868 4011 948 4078 deae
970 4014 1003 4078 vi
1026 4021 1057 4077 et
1078 4021 1192 4077 ustura
1213 4015 1333 4094 insunt,

303 4114 397 4180 Plato
420 4115 465 4199 ad
485 4137 557 4180 eam
577 4137 676 4178 unam
697 4123 843 4201 spectare
866 4122 981 4200 potest,
1019 4117 1045 4179 si
1067 4115 1173 4180 verbis
1195 4112 1335 4198 ἀπεργά-

303 4220 417 4295 ζεσθαι
438 4216 499 4295 τὴν
520 4215 772 4304 ἀμετάστροφον
793 4212 932 4301 δύναμιν
953 4218 1062 4281 utitur.
1118 4215 1206 4302 Ergo
1230 4213 1337 4301 legen·
1373 4249 1378 4256 ·

309 4375 503 4386 ...μοι-

373 4459 398 4526 i)
434 4460 478 4511 Sic
496 4460 577 4509 etium
598 4459 626 4507 iu
643 4457 702 4507 Pur.
722 4459 778 4524 legi
799 4461 915 4519 constan
946 4473 1058 4525 namque
1079 4455 1224 4510 ceterorum
1246 4472 1336 4508 norro·

304 4545 344 4597 tio
364 4561 434 4601 novo
453 4545 535 4598 senii
553 4542 707 4596 testimonio
729 4542 907 4596 confirmatur.
