3567 5500
984 766 1028 839 86

488 956 632 1037 ordinem
653 938 853 1045 receperunt,
874 967 919 1042 ut,
942 958 1103 1041 nimirum,
1127 966 1192 1023 toto
1215 978 1273 1023 suo
1293 980 1428 1025 munere
1449 960 1521 1025 fun-

488 1059 573 1125 ditus
596 1059 718 1147 ubique
739 1060 959 1146 fungerentur.
1015 1061 1186 1147 Specimen
1207 1069 1314 1125 autem
1336 1061 1432 1148 hujus
1454 1084 1521 1127 mo-

490 1163 534 1227 ris
558 1169 625 1225 esto
650 1162 739 1227 locus
761 1164 820 1250 qni
839 1185 914 1250 pag.
934 1158 1029 1231 7741>
1054 1164 1088 1226 in
1111 1161 1222 1227 codice
1245 1161 1273 1224 A
1296 1164 1385 1243 (narn
1406 1162 1447 1229 de
1472 1186 1522 1229 ce·
1646 1204 1647 1279 ρ

491 1264 569 1327 teris
593 1263 674 1327 nibil
698 1266 780 1339 certi
802 1265 949 1345 refertur)
977 1266 1023 1330 sic
1054 1264 1184 1348 legitur:
1223 1262 1296 1325 <ist
1318 1274 1407 1348 perir,
1448 1265 1522 1328 ὁδέ

489 1360 586 1450 τριῶν
607 1366 788 1452 ἡμιμναίων,
814 1366 881 1428 ddi
902 1368 988 1430 δυεῖν
1008 1378 1104 1451 μναῖν
1126 1366 1143 1429 ὀ
1165 1362 1205 1427 τό
1227 1365 1379 1449 μέγιστον
1400 1369 1521 1452 τίμημα

489 1467 669 1553 κεκτημένος
688 1464 848 1554 ὀφλήσει
869 1467 1054 1555 ὀφειλέτω
1074 1467 1128 1552 μὲν
1143 1462 1189 1551 τῷ
1203 1468 1340 1552 δημοσίῳ
1352 1471 1423 1533 κτλ.
1456 1469 1523 1556 Ap·

494 1579 596 1657 paret,
630 1554 872 1636 alterumutrum
896 1592 937 1634 ex
959 1570 1194 1635 commentariis
1216 1567 1357 1638 fluxisse.
1413 1570 1522 1657 Atque

492 1671 631 1737 editores
654 1672 784 1759 quidem
806 1682 999 1758 receperunt
1021 1670 1181 1758 ὀφειλέτω,
1203 1669 1291 1757 quod
1312 1680 1445 1758 propter
1465 1674 1523 1761 im

491 1773 671 1860 perativum
693 1780 785 1853 έοτω,
812 1776 868 1860 qui
887 1776 1040 1861 sequitur,
1063 1774 1168 1860 aptius
1194 1794 1264 1835 esse
1284 1771 1464 1838 videbatur.
1480 1812 1521 1823 —

492 1874 575 1940 Sunt
604 1884 720 1957 autem,
763 1874 804 1939 de
835 1875 949 1962 quibus
979 1876 1051 1963 jam
1080 1876 1157 1940 satis
1188 1883 1322 1955 constat,
1367 1876 1522 1961 imprimis

493 1976 573 2042 haec
606 1979 679 2063 pag.
702 1973 805 2043 818ss
832 1975 898 2042 των
922 2003 963 2041 τε
986 1971 1131 2059 οίναγκῶν
1160 1978 1248 2039 εἰσιν.
1290 1976 1331 2039 In
1363 1976 1521 2060 omnibuS,

491 2078 579 2165 quod
600 2080 707 2159 sciam,
727 2078 921 2145 editionibus
943 2104 979 2143 τε
1001 2087 1056 2143 aut
1078 2078 1230 2143 omittitur
1247 2087 1303 2143 ant
1325 2080 1522 2144 circumseri·
1558 2098 1563 2105 ·

490 2180 586 2246 bitur.
652 2181 760 2268 Atque
797 2190 846 2246 est
880 2181 979 2268 plane
1010 2188 1285 2266 supervacaneum
1321 2202 1400 2263 nec,
1456 2204 1521 2267 quo

492 2283 660 2368 pertineat,
698 2282 901 2368 intelligitur,
939 2285 1015 2370 quia
1042 2281 1126 2346 nihil
1145 2275 1193 2346 est
1220 2283 1283 2346 nisi
1311 2284 1404 2349 varia
1427 2282 1521 2347 lectio

493 2391 550 2448 aut
570 2385 621 2466 iis,
662 2405 746 2470 quae
766 2385 969 2468 antecedunt,
1010 2377 1081 2447 ὅσοι
1100 2389 1188 2446 θεῖαι
1209 2408 1248 2467 γε
1278 2384 1367 2470 οἶμαι
1391 2394 1445 2448 aut
1471 2386 1521 2467 iis,

495 2508 578 2580 quae
599 2494 785 2573 sequuntur,
816 2489 883 2551 ἐπεὶ
903 2496 969 2551 τῶν
993 2511 1031 2570 γε
1055 2480 1262 2573 ’ἀνθρωπίνων
1285 2486 1459 2572 adscripta.
1480 2524 1520 2534 -

493 2586 614 2671 Quid?
626 2597 793 2675 poteratne
815 2590 957 2678 apertius
980 2592 1048 2677 ejus
1072 2588 1156 2653 labis
1176 2590 1355 2674 vestigium¹
1370 2587 1516 2675 relinqui,

492 2714 590 2780 quam
610 2691 696 2779 quod
721 2700 769 2758 est
792 2715 866 2780 pag.
891 2688 996 2776 865Α,
1033 2690 1089 2756 ubi
1118 2694 1165 2757 sic
1199 2692 1314 2778 incipit
1335 2712 1423 2755 nova
1444 2713 1515 2778 pars

493 2795 734 2882 disputationis:
779 2795 900 2883 φόνον
923 2792 960 2870 δὴ
982 2792 1132 2880 καθάπερ
1161 2791 1321 2880 ἦρξοίμεὸα
1343 2791 1520 2880 πειριίμεθα

492 2897 547 2959 διὰ
575 2896 686 2972 τέλους
707 2894 832 2972 παντὸς
864 2897 964 2972 εἴδους
986 2897 1056 2983 πέρι
1086 2895 1206 2984 φόνον
1239 2900 1345 2960 θεῖναι
1374 2886 1521 2972 τοόςνό·

492 3023 576 3084 μους.
620 2997 703 3062 Nam
724 3001 759 3062 in
779 2999 955 3081 codicibus,
981 3007 1138 3086 quantum
1157 2998 1264 3082 indeo,
1289 2998 1437 3063 omnibus
1460 3000 1523 3085 pri·
1646 3047 1647 3064 .

492 3123 582 3166 mum
603 3099 797 3167 vocabulum
817 3087 883 3165 non
906 3108 954 3166 est
971 3099 1074 3186 φόνου
1095 3101 1152 3166 sed
1171 3100 1307 3187 φθόνου.
1350 3099 1442 3166 Haec
1464 3103 1522 3185 igi-

493 3213 545 3269 tur
574 3202 681 3285 lectio,
719 3224 824 3290 quum
841 3205 874 3266 in
899 3202 1073 3290 archetypo
1097 3202 1279 3284 haberetur,
1320 3205 1353 3267 in
1376 3206 1522 3289 margine

424 3351 431 3361 .
493 3305 609 3391 aliquis
629 3326 740 3369 veram
762 3301 862 3390 φόνοι
885 3305 1110 3391 adscripscrat,
1135 3328 1218 3392 quae
1239 3304 1358 3370 deinde
1382 3305 1522 3370 ascribe

492 3416 611 3472 temere
648 3404 757 3471 verbis
799 3406 1046 3494 insequentibus
1091 3407 1197 3471 media
1237 3408 1426 3493 interposita
1464 3418 1520 3476 est.

493 3507 585 3590 Quae
604 3508 631 3572 si
652 3509 697 3572 ita
718 3517 802 3590 sunt,
832 3507 1036 3574 Stallbaumii
1059 3509 1235 3574 sententiae
1258 3530 1324 3573 non
1344 3493 1436 3572 multi
1458 3509 1521 3574 suf-

489 3610 710 3696 fragabuntur,
748 3612 802 3697 qui
827 3613 987 3697 posterius
1018 3609 1099 3675 illud
1121 3607 1234 3697 φόνου,
1272 3609 1312 3674 ab
1330 3611 1520 3677 Hermanno

491 3722 668 3796 extrusum,
702 3711 808 3778 denuo
839 3712 1026 3777 introduxit.
1080 3711 1194 3802 Aequo
1214 3714 1288 3801 jure
1311 3713 1520 3778 Hermannus

490 3811 588 3882 945D
611 3817 645 3879 in
665 3814 770 3881 verbis
794 3818 826 3878 έν
846 3816 913 3899 δίκη
942 3815 1096 3901 ἀμέμπτῳ
1118 3841 1154 3878 τε
1176 3817 1238 3888 καὶ,
1250 3815 1419 3902 ἀμέμπτως
1446 3837 1519 3886 oum

489 3918 619 3983 Baitero
643 3917 787 3983 dativum
809 3915 966 4002 ,ἀμέμπτῳ
988 3919 1090 4005 ejecit,
1126 3920 1181 4004 qui
1202 3926 1326 3984 tantum
1350 3917 1450 4000 abest,
1486 3926 1521 3982 ut

490 4019 579 4084 vocis
598 4021 630 4083 έν
642 4020 716 4104 ,δίκη
735 4020 803 4084 vim
820 4028 947 4102 augeat,
969 4028 1005 4084 ut
1024 4043 1154 4106 prorsus
1174 4019 1326 4085 debilitet.
1369 4018 1449 4084 Erat
1466 4041 1520 4083 va-

489 4121 538 4186 ria
559 4120 654 4186 lectio
676 4119 720 4184 ad
741 4118 910 4205 ἀμέμπτως
931 4120 1104 4208 adscripta.
1121 4133 1123 4140 ⁴
1138 4161 1179 4171 -
1212 4121 1291 4208 Pag.
1312 4116 1414 4187 8780
1450 4141 1520 4206 per-

488 4244 602 4309 peram
628 4223 663 4287 in
691 4222 866 4308 archetypo
897 4223 1044 4288 exstabat
1070 4219 1193 4286 ’τοῦτον
1216 4223 1248 4286 δέ
1270 4220 1352 4308 perol
1373 4233 1440 4300 τοῖν
1461 4217 1519 4284 ἀλ-

489 4328 552 4388 λων
576 4326 689 4409 ζημιῶν
719 4323 846 4388 ἐκτίνειν
867 4326 922 4388 καί
943 4335 989 4409 τῇ
1010 4321 1127 4410 βλάβη
1152 4323 1218 4400 την.
1233 4323 1363 4408 βλοίβην.
1423 4322 1520 4403 Quod

489 4447 603 4492 verum
632 4434 690 4508 est,
721 4426 849 4513 jamin
876 4425 1115 4512 margine'cod.
1140 4431 1170 4490 o
1193 4427 1308 4514 aliquis
1334 4426 1518 4512 adscripsit:

489 4537 531 4616 τῇ
553 4523 657 4615 πόλει,
694 4528 793 4616 idque
819 4532 892 4616 jasm
916 4527 972 4594 diu
1002 4531 1036 4594 in
1060 4552 1170 4596 omnes
1194 4529 1350 4595 editiones
1382 4529 1518 4595 transiit.
