3567 5500
454 942 532 1007 satis
561 943 642 1006 mira
674 940 810 1024 accidit,
847 942 935 1030 quod
964 964 1041 1030 pars
1070 941 1236 1008 deterioris
1263 941 1375 1007 classis
1412 965 1481 1008 essa

453 1043 603 1126 videtur,
661 1065 737 1129 pars
780 1066 853 1110 cum
889 1046 1037 1111 Parisino
1082 1043 1242 1110 artissima
1281 1045 1481 1132 conjunctus.

456 1146 551 1211 Unde
586 1145 682 1211 simul
704 1157 848 1233 apparet,
886 1129 1048 1235 quomodo
1075 1147 1207 1232 ’factum
1240 1149 1290 1229 sit,
1325 1156 1362 1211 ut
1383 1149 1418 1210 in
1437 1147 1482 1210 di·

454 1251 614 1314 versitatis
630 1258 814 1335 conspectu,
838 1272 936 1336 quem
955 1273 1053 1337 supra
1075 1251 1179 1336 posui,
1201 1248 1367 1336 aliquanto
1387 1248 1483 1333 plura

455 1373 473 1415 e
495 1350 655 1438 prioribus
669 1351 795 1438 Legum
817 1351 908 1418 libris
924 1353 1076 1439 exempla
1091 1372 1188 1438 quam
1204 1373 1245 1416 ax
1259 1351 1393 1436 rcliquis
1409 1372 1482 1416 con-

456 1454 641 1538 spiciantur.
696 1453 780 1518 Nam
801 1463 973 1541 postquam
996 1455 1057 1518 ille
1079 1453 1245 1540 usquead
1267 1461 1394 1518 sextum
1415 1454 1482 1518 fere

455 1554 574 1620 librum
590 1558 803 1622 correctiones
823 1566 948 1622 tantum
963 1556 1016 1622 vel
1031 1565 1124 1621 notas
1144 1554 1340 1640 marginales
1356 1578 1397 1621 ex
1412 1554 1481 1621 cod.

455 1656 485 1720 A
507 1660 683 1741 arcessivit,
705 1659 781 1723 inde
802 1668 935 1746 repente
957 1658 1031 1724 rara
1052 1656 1227 1724 concordia
1249 1657 1345 1722 ambo
1368 1658 1401 1720 in
1420 1679 1486 1721 ma-

459 1760 498 1824 lis
522 1769 553 1824 ct
576 1760 670 1825 bonis
687 1762 875 1844 conjunctos
888 1762 1047 1831 videmus.
1086 1760 1247 1842 Quoniam
1263 1767 1381 1842 autem,
1405 1757 1483 1846 quid

455 1861 490 1925 in
519 1861 678 1929 Vaticano
710 1863 846 1949 legatur,
880 1863 1049 1950 permultis
1082 1863 1161 1928 locis
1198 1864 1302 1949 iisque
1332 1861 1482 1947 gravissi-

379 2006 382 2011 >
456 1964 517 2029 mis
551 1975 684 2052 propter
713 1965 921 2031 collationum
956 1967 1145 2030 tenuitatem
1181 1967 1377 2050 ignoramus,
1412 1962 1483 2028 reli-

457 2089 594 2154 quorum
608 2068 812 2134 multitudine
832 2069 977 2134 locorum
993 2067 1196 2135 afficiendum
1214 2069 1282 2150 erit,
1304 2065 1391 2152 quod
1405 2086 1483 2152 pau·

457 2169 736 2255 amarioribus,
773 2173 800 2235 si
823 2171 981 2257 ampliora
1001 2171 1183 2241 testimonia
1205 2169 1372 2251 adessent·
1400 2165 1484 2231 effici

456 2280 573 2358 posset.
616 2272 825 2359 Eprioribus
847 2275 944 2359 igitur
976 2272 1066 2338 libris
1094 2271 1175 2336 haec
1206 2273 1335 2336 enotavi
1365 2268 1485 2334 menda

457 2373 614 2440 ambobus
638 2376 864 2461 manuscriptis
889 2376 1090 2439 communia:

542 2476 676 2562 λέγωμεν
696 2499 755 2562 pro
779 2477 907 2562 λέγομεν
929 2471 1001 2560 197,
1021 2472 1051 2542 8.
1087 2476 1127 2541 of.
1146 2471 1219 2559 345,
1242 2471 1273 2542 9.
1295 2469 1368 2558 312,
1388 2470 1419 2539 4.

542 2578 657 2665 σμικροὶ
679 2602 744 2666 pro
760 2589 891 2665 σμικροῦ
914 2574 988 2661 213,
1011 2574 1061 2645 12.

542 2680 695 2769 πώματος
721 2704 780 2769 pro
814 2679 969 2769 πόματος
997 2680 1117 2762 (Bcklr.
1148 2690 1205 2765 „ut
1239 2679 1378 2761 solent“)
1412 2672 1484 2761 227,

704 2780 745 2851 18
763 2784 803 2853 cf.
827 2784 961 2850 Lobe'elr
982 2783 1120 2871 paralip.
1139 2779 1205 2852 425
1220 2807 1267 2871 sq.

544 2887 635 2971 ἀὐτῷ
657 2910 716 2973 pro
739 2883 847 2950 αὐτῶν
867 2880 942 2969 211,
961 2883 991 2953 6.

547 2986 731 3065 ἀνηλεήτως,
752 2997 823 3053 cett
844 2988 979 3066 ἄνηλέως
1000 2984 1073 3072 320,
1095 2984 1146 3057 15.

543 3092 597 3153 καὶ
620 3098 693 3172 (cet.
717 3092 835 3156 rectius
859 3092 914 3153 καὶ
935 3089 988 3176 μή)
1006 3092 1172 3174 γίγνονται
1193 3085 1268 3173 318,
1288 3088 1318 3158 6.

544 3195 640 3280 dupla
662 3201 722 3258 cet
743 3194 874 3279 dopse'u
905 3189 1078 3275 290,18.

455 3334 460 3344 1
544 3298 650 3422 dapnis
671 3296 730 3379 (Ω
747 3298 941 3382 depromas
942 3298 1103 3383 ῒδωριεῖς
1124 3291 1198 3378 290,
1221 3292 1272 3363 16

545 3398 647 3462 πάνυ·
649 3399 717 3474 ξένη
739 3392 879 3480 192,11.
901 3399 933 3464 Α
953 3404 984 3462 a
1006 3399 1084 3464 dant
1105 3397 1306 3463 Atheniensi

536 3500 629 3583 Quae
652 3523 849 3589 quamquam
871 3525 939 3568 non
961 3501 1097 3567 dixerim
1121 3502 1230 3567 omnia
1253 3521 1324 3565 esse
1337 3500 1378 3582 ²¹³),
1412 3507 1489 3587 quot

512 3735 536 3828 ¹¹l)
571 3752 688 3829 superest
714 3762 789 3827 locus
817 3764 881 3812 satis
905 3760 1049 3825 notabilis,
1085 3775 1161 3826 quem
1185 3758 1293 3835 Bekkcr
1314 3772 1365 3809 non
1389 3755 1490 3808 indicat

460 3846 589 3916 quomodo
608 3853 656 3899 cet.
677 3846 751 3899 codd.
774 3849 902 3914 scriptum
924 3846 1074 3913 praebeant.
1119 3846 1229 3911 Legitur
1247 3846 1275 3893 in
1294 3843 1368 3895 editt.
1386 3861 1411 3911 p.
1431 3844 1489 3895 328.

461 3937 484 3985 1.
502 3932 601 3999 (told)
619 3930 698 3986 κατὰ
714 3925 765 3995 τὴν
782 3930 934 4008 παροιμίαν
953 3924 1008 3983 ἀπὸ
1029 3947 1103 3994 τινος
1119 3924 1202 3983 ὄνου
1220 3925 1314 3993 πεσόν,
1337 3934 1416 3995 atquc
1430 3930 1490 3994 jure

459 4021 500 4071 sic
517 4020 625 4085 legitur.
669 4020 735 4070 Nam
763 4018 827 4069 haec
844 4023 885 4069 ast
910 4017 1046 4084 proverbii
1073 4017 1129 4083 ejus
1150 4032 1214 4067 vcra
1232 4021 1258 4066 et
1278 4018 1388 4082 antiqua
1405 4015 1491 4065 forms

459 4106 493 4158 ct.
510 4106 691 4172 Paroemiogr.
711 4105 801 4171 graeci
824 4102 864 4155 cd.
884 4120 910 4154 v.
929 4103 1042 4155 Leutsch
1060 4107 1087 4154 ct
1109 4102 1292 4155 Schneidewin
1313 4106 1377 4152 tom.
1395 4102 1416 4151 1.
1434 4100 1490 4165 (Ze-

459 4192 521 4245 noh.
541 4196 608 4243 cent.
626 4192 662 4242 11.
683 4192 743 4257 th)
780 4188 825 4240 sed
849 4189 878 4239 in
906 4186 981 4239 codd.
999 4189 1023 4239 Δ
1044 4193 1070 4239 st
1088 4186 1112 4241 Ω
1133 4193 1160 4239 ct
1181 4206 1199 4239 x
1221 4192 1306 4241 exstat
1332 4202 1406 4250 τινος
1430 4188 1490 4239 νοῦ

460 4269 556 4341 πεσών,
575 4293 652 4344 quam
671 4277 811 4328 lectionem
828 4276 893 4326 satis
912 4274 1046 4340 antiquam
1064 4289 1118 4326 esse
1133 4280 1253 4327 auctores
1266 4274 1391 4326 habemus
1408 4272 1490 4325 schol.

459 4362 492 4414 sd
511 4362 591 4413 Arist.
612 4363 674 4415 nub.
696 4360 775 4412 1273:
810 4358 940 4428 ὁμέντοι
956 4351 1112 4412 Hldsav'
1103 4376 1131 4427 sn
1148 4360 1233 4436 τρίτῳ
1251 4363 1309 4412 τῶν
1326 4356 1419 4429 νόμων
1439 4350 1491 4421 τήν

459 4445 625 4501 τελευταίαν
651 4450 762 4521 περισπᾷ
790 4438 857 4499 ἀπὸ
883 4448 945 4498 νοῦ
971 4440 1057 4514 λέγων
1081 4434 1189 4509 οὕτωςι
1224 4446 1273 4496 καὶ
1296 4440 1400 4513 μὴ-
1436 4434 1491 4496 ἀπὸ

458 4536 513 4588 νοῦ
530 4538 686 4603 πισετνμ·
653 4538 731 4586 -ct
748 4531 895 4586 Suidsms.
913 4548 939 4584 v.
958 4524 1040 4586 duco:
1058 4526 1122 4587 tu
1140 4526 1307 4602 φιλόσοφος
1315 4524 1476 4587 Πλάτων’
1456 4544 1491 4594 ως
