3567 5500
772 794 815 866 85
893 836 900 841 .

279 980 410 1068 (625le
433 985 618 1071 praemissis
640 981 680 1046 τδ
702 985 758 1069 μὲν
781 982 837 1049 vav
858 988 911 1049 ἐπὶ
932 983 994 1050 cori
1014 986 1187 1073 παρόντος,
1215 988 1256 1053 τὸ
1278 990 1312 1053 δὲ

278 1085 325 1161 δὴ
340 1088 393 1149 ἐπὶ
414 1089 603 1171 συνδεσμοῦ,
640 1087 727 1151 huno
745 1090 779 1152 in
808 1088 940 1153 modurn
963 1090 1171 1155 exscribitur:
1212 1084 1244 1168 ὃς
1272 1086 1310 1168 δὴ

278 1185 413 1252 πάντων
445 1199 510 1251 τῶν
542 1188 686 1273 πολέμων
707 1188 943 1272 χαλεπώτατος
951 1224 982 1275 ,ο
1000 1185 1039 1267 ὥς
1070 1206 1194 1277 φαμεν
1228 1194 1312 1279 ἡμεῖς

278 1301 334 1354 νῦν
349 1288 398 1372 δὴ,
427 1290 536 1377 placat
558 1290 716 1355 editorum
736 1314 922 1375 consensus,
945 1316 1008 1383 quo
1029 1294 1084 1358 illa
1105 1294 1241 1360 lectione
1262 1319 1310 1361 re-

273 1396 361 1479 jecta
380 1392 524 1457 Platonis
543 1393 681 1474 codices,
716 1395 772 1479 qui
790 1392 911 1458 habent
931 1395 974 1471 ιίς
993 1402 1136 1483 ἔφαμεν
1158 1397 1240 1482 ἡμεῖς
1252 1406 1310 1461 νῦν

278 1494 327 1575 δὴ,
351 1496 444 1580 sequi
466 1493 642 1559 malebant.
675 1496 759 1559 Nam
783 1497 950 1582 respicitur
970 1498 1011 1562 ad
1036 1521 1083 1579 ca,
1110 1520 1194 1585 quae
1213 1499 1310 1564 Athe·
1354 1566 1359 1583 x

278 1597 399 1660 niensis
420 1595 530 1682 paullo
553 1606 628 1661 ante
649 1598 718 1683 ipse
738 1597 881 1661 dixerat:
912 1597 990 1683 πρδς
1011 1596 1070 1662 τὸν
1092 1596 1232 1684 πόλεμον
1251 1640 1304 1684 -,

278 1691 295 1773 ἦ
317 1696 354 1773 δὴ
375 1703 523 1761 καλεῖται
537 1698 665 1780 στσίσις,
695 1692 732 1762 ὃν
751 1699 898 1785 μάλιστα
921 1701 976 1785 μὲν
994 1695 1082 1776 ἅπας
1097 1694 1138 1765 oiv
1160 1699 1307 1783 βούλοιτο

277 1801 356 1886 μήτε
376 1800 524 1884 γενέσθαι
545 1800 627 1864 πὸτὲ
648 1804 680 1863 ἐν
700 1804 818 1864 ἑαυτοῦ
839 1798 929 1863 πόλει
948 1800 1111 1888 γενόμενόν
1131 1828 1167 1866 τε
1189 1804 1227 1879 οἱς
1248 1802 1307 1867 τοί-
1377 1823 1379 1827 ’

213 1893 217 1900 ¹
277 1928 378 1988 χιστα
402 1899 678 1965 ἀπαλλάττεσθαι
701 1898 828 1984 (628B).

362 2005 496 2069 Restant
522 2004 639 2087 multa;
676 2028 736 2069 nec
758 2006 884 2088 desunt,
921 2029 1013 2091 quae,
1049 2008 1126 2093 quin
1152 2010 1216 2073 sint
1237 2008 1309 2072 sub·

277 2107 386 2172 diticia
407 2117 438 2170 et
459 2105 542 2171 falsa
570 2128 664 2171 nemo
688 2105 821 2188 dubitat,
860 2108 1020 2195 quomodo
1044 2118 1075 2173 et
1090 2131 1161 2195 *qua
1188 2111 1309 2176 ratione

276 2210 342 2274 sint
362 2209 461 2291 illata,
483 2230 578 2272 nemo
601 2207 731 2286 indicat.
761 2208 841 2295 Ejus
864 2212 992 2294 generis
1011 2219 1059 2275 est
1078 2210 1160 2275 illud
1182 2213 1308 2275 δειλία

277 2308 448 2398 (putto),
474 2310 560 2397 quod
581 2309 649 2374 fere
668 2332 777 2375 omnes
796 2313 986 2397 interpretes
1010 2312 1173 2378 damnant.
1210 2314 1309 2401 Equi-

278 2412 364 2494 dem,
401 2414 427 2476 si
456 2414 659 2498 conjecturae
682 2415 780 2477 venia
808 2421 864 2495 est,
902 2414 1053 2498 ascioIo,
1091 2417 1200 2481 nescio
1231 2440 1306 2503 quo,

278 2516 406 2579 homine
439 2514 599 2600 adjectum
634 2536 703 2578 esse
736 2513 883 2596 dixerim,
922 2518 978 2602 qui
1008 2540 1105 2603 saepe
1136 2512 1307 2583 Platonem

277 2619 374 2694 vitiis,
411 2615 520 2704 qualia
553 2616 605 2680 hio
632 2627 870 2698 enumerantur,
908 2618 1098 2682 meminerat
1130 2618 1307 2705 adjungere
1364 2676 1372 2697 ,

279 2720 396 2782 δειλίαν
419 2719 459 2784 cl.
481 2714 577 2786 957ss
611 2718 641 2794 ἒξ
663 2718 805 2803 ἀμαθίας
830 2721 883 2782 καὶ
907 2718 1082 2796 ἀκολασίας
1110 2721 1165 2783 καὶ
1195 2722 1307 2796 δειλίας

280 2821 522 2904 καίξυλλήβδην
536 2820 643 2896 πάσης
657 2820 780 2896 ἀδικίας
802 2830 833 2911 et
850 2816 953 2888 733Ε.
970 2859 1006 2870 -
1031 2820 1128 2901 Quod
1145 2831 1252 2888 autem
1274 2847 1307 2910 p.

279 2919 376 2988 9441)
392 2933 465 2988 ante
481 2922 632 3008 ἀμελείτω
652 2925 779 3008 negatio
801 2922 840 3008 μὴ
859 2925 983 2988 intrusa
998 2931 1054 3006 est,
1080 2947 1177 3011 quam
1197 2948 1307 2991 omncs

273 3027 347 3112 jure
380 3035 545 3112 respuunt,
586 3024 835 3110 explicationem
866 3025 1008 3108 habebit,
1051 3029 1077 3091 si
1109 3025 1191 3090 illud
1219 3025 1258 3111 pi
1288 3051 1307 3091 a

263 3128 485 3225 ‚grammatico
509 3127 618 3213 aliquo
647 3126 690 3191 ad
711 3127 749 3188 οὐ
772 3128 961 3213 particulam
991 3128 1188 3214 adscriptum
1210 3127 1307 3192 fuisse

279 3215 343 3348 (ξέ
363 3244 424 3309 τὸν
446 3248 600 3330 δυστυχῆ)
624 3247 837 3310 statuerimus.
882 3246 998 3313 Maluit
1017 3249 1086 3330 iste,
1110 3255 1146 3310 ut
1166 3245 1306 3330 videtur,

277 3358 351 3436 post
373 3346 431 3432 χρὴ
452 3347 646 3434 particulam
669 3344 708 3432 μὴ
731 3346 894 3412 collocari.

364 3450 515 3537 Denique
534 3451 671 3515 variae
693 3447 893 3532 lectiones,
924 3472 1009 3536 quae
1032 3453 1065 3514 in
1088 3453 1233 3536 margine
1255 3450 1309 3515 ad·

278 3554 414 3639 scriptae
438 3562 538 3634 erant,
577 3575 635 3637 per
668 3552 844 3616 scribarum
873 3553 1030 3616 incuriam
1053 3553 1156 3618 multa
1181 3553 1309 3618 inutilia

278 3655 423 3741 adeoque
444 3656 543 3719 noxia
563 3655 727 3740 'scriptoris
749 3654 856 3719 verbis
887 3653 1070 3719 intulerunt.
1114 3655 1187 3720 Hoc
1206 3673 1309 3740 genus

271 3780 316 3822 eo
341 3758 481 3821 maxime
505 3781 524 3821 a
547 3759 694 3842 proxime
723 3766 858 3822 tractato
890 3757 1083 3844 disjungitur
1104 3767 1135 3821 et
1157 3755 1308 3822 discerni-

279 3869 338 3940 tur,
375 3859 472 3946 quod,
508 3882 591 3945 quac
614 3882 651 3924 eo
675 3863 888 3942 eontinentur,
919 3861 1053 3946 propius
1077 3859 1196 3925 absunt
1214 3884 1234 3924 a
1254 3882 1308 3946 ge·

278 3963 382 4026 nuinis
402 3961 547 4025 Platonis
568 3961 677 4026 verbis
700 3972 732 4026 et
753 3963 860 4047 specie
882 3960 1013 4048 quidem
1036 3963 1138 4047 magis
1160 3961 1202 4028 ad
1227 3965 1310 4028 simi-

279 4063 451 4128 litudinem
484 4085 595 4128 eorum
626 4063 793 4144 accedunt,
833 4049 918 4150 quae
947 4087 1044 4151 supra
1068 4086 1108 4130 ex
1139 4066 1308 4131 iteratione

278 4175 354 4229 nata
378 4187 448 4230 esse
470 4167 629 4231 enarravi.
688 4166 756 4230 Nec
776 4174 883 4229 tamen
905 4168 938 4230 in
961 4164 1023 4230 hoc
1052 4188 1171 4251 genere
1201 4169 1309 4233 invitis

278 4266 417 4333 librariis
448 4268 604 4332 iterantur
631 4266 798 4346 vocabula,
836 4267 893 4331 sed
925 4268 1070 4332 consulto
1094 4269 1187 4334 etde
1217 4269 1310 4335 indu-

278 4371 355 4435 stria
377 4369 611 4462 duplicationes
634 4372 702 4435 sive
723 4370 954 4456 διττσγραφίαι
974 4369 1051 4460 ,fieri
1075 4370 1194 4437 solent..
1246 4369 1311 4434 Va-

276 4472 341 4536 rias
364 4473 448 4536 enim
468 4471 623 4536 lectiones
648 4480 705 4536 aut
725 4473 759 4536 in
781 4473 927 4556 margine
943 4481 998 4536 aut
1020 4474 1103 4538 inter
1124 4494 1235 4537 vorsus
1254 4471 1309 4537 ad-

278 4581 403 4640 notatas
434 4584 602 4663 tamquam
632 4595 711 4639 vera
734 4584 765 4638 et
793 4577 936 4661 genuina
959 4576 1123 4664 scriptoris
1145 4574 1246 4640 verba
1275 4573 1310 4640 in
