3567 5500
941 760 1004 833 108

458 952 680 1041 exemplorum
700 955 870 1042 percipias,
900 974 983 1040 quae
1006 953 1115 1042 Actius
1139 956 1172 1019 in
1194 956 1300 1021 lexico
1323 960 1493 1043 congessit.

458 1054 588 1121 Laudes
611 1056 768 1144 quasdam
798 1052 860 1119 τοῦ
885 1054 1057 1140 πολεμικοῦ
1078 1058 1149 1140 βίου
1173 1057 1423 1126 adolescentulis
1440 1063 1493 1149 ju-

458 1157 513 1222 bet
543 1160 686 1224 enarrari
713 1154 815 1225 942ss
840 1165 972 1221 ἔπαινον
1001 1158 1056 1242 μὲν
1076 1156 1114 1235 δὴ
1136 1157 1259 1223 τούτου
1288 1157 1410 1225 ἀκούειν
1431 1160 1493 1225 τόν

458 1260 529 1322 νέον
550 1258 628 1345 χρῆν
657 1263 760 1325 δοκεῖν
774 1261 806 1343 *)
833 1255 1004 1345 πολεμικοῦ
1032 1260 1099 1347 πέρι
1125 1263 1201 1344 βίον.
1248 1261 1289 1325 cf.
1311 1257 1410 1328 921ss
1432 1263 1493 1339 τὰς

458 1360 552 1447 τιμάς
571 1361 601 1423 οἳ
623 1362 661 1438 δὴ
682 1364 794 1448 μισθοὶ
814 1366 993 1446 πολεμικοῖς
1016 1358 1173 1449 ἀνδράσιν
1195 1364 1254 1425 εἶσί
1277 1365 1319 1429 cf.
1341 1364 1443 1430 Thuc.
1463 1366 1491 1431 I.

458 1460 510 1529 84.
533 1467 692 1551 πολεμικοί
711 1491 748 1528 τε
769 1467 822 1528 καὶ
837 1459 978 1547 εύβουλοι
1000 1462 1054 1527 dccl
1075 1462 1116 1527 τό
1132 1461 1285 1550 εὔκοσμον
1305 1463 1492 1551 γιγνόμεθα.

457 1566 626 1654 Nusquam
648 1566 737 1655 apud
748 1567 917 1632 Platonem
938 1566 1069 1654 quidem
1092 1574 1140 1631 est
1158 1566 1211 1645 id„
1225 1567 1311 1653 quod
1333 1569 1490 1655 πολέμιος,

458 1691 554 1756 quam
569 1671 635 1735 vim
656 1671 683 1734 si
704 1668 791 1756 apud
802 1669 1063 1755 Xenophontem,
1084 1668 1285 1753 Aeschinem,
1305 1670 1388 1736 alios
1411 1695 1517 1737 non-⁸

457 1794 624 1858 nunquam
653 1772 773 1837 habere
800 1778 960 1853 narratur,
986 1783 1124 1858 ‘semper
1148 1769 1278 1835 additur
1302 1771 1381 1858 πρός
1406 1799 1491 1838 τινα.

457 1873 501 1938 At
521 1896 599 1940 vero
620 1874 714 1940 facile
737 1895 788 1938 res
810 1881 918 1960 potest
937 1872 1093 1960 expediri.
1137 1872 1347 1960 Transponas
1366 1898 1489 1967 quaeso

457 1978 512 2040 καὶ
532 1974 719 2062 πολεμικούς
738 1983 813 2041 aute
834 1972 967 2059 λῃστὰς,
1003 1985 1034 2040 ct
1055 1976 1162 2041 omnia
1192 1974 1276 2041 bene
1304 1976 1489 2055 habebunt:

458 2076 528 2143 ἀλλ’
551 2078 703 2166 ἐμπόρους
732 2103 768 2141 τε
790 2079 845 2140 καὶ
875 2076 1066 2164 ναυκλήρους
1092 2079 1147 2139 καὶ
1175 2075 1339 2155 διακόνους
1359 2077 1490 2157 πόντιος

458 2178 534 2258 τούς
554 2180 649 2268 φύσει
669 2182 820 2265 κοσμίους
840 2175 907 2242 τόν
932 2175 1110 2265 ἀνθρώπων
1132 2177 1377 2265 ἀπεργαζομένη,
1413 2184 1490 2259 τούς

458 2284 493 2346 δὲ
516 2284 673 2369 ἀνδρείους
698 2285 752 2346 καὶ
774 2277 957 2366 πολεμικούς
978 2277 1099 2365 λῃστάς
1128 2283 1183 2344 καὶ
1205 2282 1414 2369 τοιχωρύχους
1436 2287 1490 2347 καὶ

371 2374 378 2387 ’
458 2383 634 2472 ἱεροσύλους
653 2387 708 2448 καὶ
729 2380 935 2475 τυραννικούς
956 2379 1109 2471 ποιοῦσα,
1145 2386 1199 2446 καὶ
1222 2381 1296 2470 μόλ’
1317 2388 1412 2451 ἐνίοτε
1433 2386 1488 2449 οὐκ

458 2484 570 2579 ἀφυεῖς
590 2485 697 2566 ὄντας,
722 2481 966 2571 δυστυχούντάς
987 2508 1021 2569 γε
1044 2483 1111 2570 μήν.

539 2581 652 2679 ‘Atque
684 2591 764 2655 haec
795 2599 921 2655 tantum
954 2610 1059 2675 pauca
1082 2588 1178 2676 hujus
1199 2590 1270 2654 vitii
1293 2600 1368 2655 sunt
1391 2593 1484 2678 speci-

458 2697 549 2761 mina
569 2694 692 2777 (addas,
727 2714 810 2780 quae
832 2698 1000 2779 praeterea
1021 2713 1119 2778 supra
1148 2714 1223 2779 pag.
1247 2686 1289 2760 35
1313 2702 1345 2758 et
1365 2689 1409 2760 48
1442 2716 1486 2759 se-

459 2797 533 2884 dem
558 2806 699 2862 mutasse
729 2797 910 2881 suspicatus
939 2798 1038 2877 sum),
1079 2816 1215 2882 quorum
1243 2817 1396 2861 numerus
1422 2819 1489 2863 nou

458 2901 579 2982 dubito,
614 2900 703 2987 quin,
740 2896 914 2962 dummodo
938 2895 1055 2990 aliquis
1078 2899 1112 2961 in
1137 2897 1220 2962 hanc
1242 2921 1312 2963 rem
1335 2898 1488 2980 attendat,

458 3002 623 3090 aliquanto
645 3002 757 3086 augeri
779 2999 911 3085 possit·
1209 3007 1211 3012 '

874 3176 1078 3188 ——4

438 3303 443 3308 '
541 3293 614 3358 Hac
635 3293 852 3379 disputatione
883 3291 1034 3357 absolute
1054 3291 1097 3356 id
1128 3299 1213 3355 certe
1243 3291 1320 3355 mihi
1345 3292 1490 3358 effecisse

456 3396 579 3477 videor,
599 3403 650 3459 ut
672 3394 871 3480 archetypon
899 3392 982 3458 illud
1011 3396 1187 3481 antiquum,
1225 3415 1266 3458 ex
1288 3417 1352 3480 quo
1377 3415 1489 3459 omnes

457 3493 585 3564 nostros
620 3496 746 3562 codices
775 3495 937 3560 derivatos
962 3518 1032 3561 esse
1064 3496 1168 3578 statui,
1200 3489 1270 3583 jam
1301 3498 1489 3580 accuratius,

457 3600 554 3689 qualo
581 3598 685 3681 fucrit,
720 3596 909 3664 adumbrari
929 3597 1133 3685 describique
1159 3600 1269 3685 possit.
1311 3599 1488 3684 Fingamus

457 3705 554 3788 igitur
573 3702 719 3769 codicem
740 3701 842 3766 fuisse
861 3700 973 3788 utique
987 3700 1121 3765 Eusebii
1134 3701 1184 3781 *il
1206 3711 1309 3766 aetate
1333 3703 1490 3790 antiquio·

454 3827 535 3890 rem,
572 3807 628 3893 qui
659 3804 840 3892 descriptus
873 3804 986 3869 fuisset
1015 3825 1057 3868 ex
1091 3803 1277 3890 apographo
1309 3804 1425 3888 glossis
1459 3813 1490 3869 et

525 4026 549 4093 Ι*)
583 4028 644 4080 Hoc
661 4019 763 4090 δοκεῖν,
794 4028 894 4094 inquo
922 4043 997 4080 nemo
1015 4027 1067 4077 n'on
1095 4027 1217 4090 offendit,
1253 3991 1394 4080 uescio'cn
1412 4027 1489 4080 raris

456 4114 537 4170 lectio
560 4115 596 4166 sit
612 4113 645 4166 sd
668 4109 792 4175 ἀκούειν,
827 4130 859 4166 cx
881 4129 933 4180 qno
961 4105 1130 4182 depravdtnm
1150 4115 1248 4179 iuerat,
1282 4114 1423 4182 aliquando
1445 4113 1488 4166 ad·

458 4201 511 4252 scri
531 4203 566 4250 ts.

508 4217 550 4351 lii)
582 4285 652 4349 vida,
679 4301 747 4353 quas
767 4285 881 4339 diximus
902 4302 963 4356 pag.
976 4287 1027 4338 204
1044 4300 1100 4351 sqq.
1122 4287 1164 4338 87.
1183 4287 1224 4337 52.
1245 4289 1292 4338 36.
1316 4286 1437 4339 Ceterum
1457 4286 1489 4337 ds

458 4373 614 4438 quaestions
633 4388 672 4439 cc,
699 4378 823 4440 quaeest
843 4389 907 4424 sanc
925 4372 1091 4440 gravissima,
1120 4370 1182 4438 quid
1202 4387 1234 4422 cx
1253 4371 1431 4449 scriptoribus
1443 4389 1489 4437 po-

457 4457 622 4524 sterioribus,
640 4460 687 4526 qui
696 4459 773 4510 libris
783 4458 902 4510 Platonis
915 4459 957 4510 usi
967 4459 1027 4520 sint,
1045 4459 1074 4508 in
1083 4457 1185 4526 Legum
1194 4457 1312 4509 oratione
1325 4457 1490 4509 restituenda

456 4545 540 4626 repeti
557 4544 651 4612 possit,
677 4549 770 4626 postca
787 4544 928 4612 aliquando
945 4544 1066 4622 planiora
1083 4545 1200 4618 proferre
1219 4545 1247 4600 iu
1266 4545 1353 4596 cnimc
1373 4547 1420 4600 cst·
