3567 5500
689 757 836 846 w15

291 943 417 1033 α’γήμοις
434 970 493 1035 pro
516 945 643 1033 ἀνήβοις
661 949 695 1014 Π
717 945 768 1033 85,
790 946 840 1016 10.

290 1048 404 1139 χρόνον
425 1074 483 1138 pro
506 1054 577 1136 βίον
598 1053 632 1116 II
657 1047 806 1136 207,14.

293 1152 409 1216 οἰέσθω
430 1177 490 1241 pro
511 1154 738 1219 ἀναπειθέσθω
780 1155 814 1218 Π
834 1149 910 1237 281,
937 1155 966 1222 l.

293 1255 459 1338 εὐβουλίαν
484 1282 543 1344 pro
565 1256 715 1324 εὐκολίαν
750 1253 878 1340 11283,
901 1253 931 1323 6.

291 1357 351 1446 χρὴ
375 1383 433 1446 pro
457 1363 527 1424 ἐστι’
549 1361 672 1447 (χρέων)
693 1361 727 1425 ΙΙ
748 1355 823 1442 313,
846 1356 897 1429 13.

292 1473 406 1525 ταῦτα
423 1486 483 1549 pro
505 1465 622 1530 πάντα,
638 1465 672 1528 Π
694 1459 769 1547 334,
786 1463 821 1557 Ol,

377 1565 472 1630 Hane
490 1567 709 1634 diversitatem
724 1564 991 1632 verisimillimum
1017 1574 1064 1629 est
1085 1587 1151 1630 non
1174 1563 1321 1630 altiorem

293 1668 435 1733 radicem
461 1668 582 1734 habere
602 1670 659 1735 sed
679 1692 768 1734 mero
791 1668 882 1739 scioli
902 1668 1033 1733 arbitrio
1055 1667 1182 1733 librarii
1205 1665 1323 1748 deberi,

293 1773 350 1857 qui
372 1770 494 1836 seilicet
518 1771 664 1838 faciliora
685 1796 743 1858 pro
759 1771 982 1838 remotioribus
1002 1771 1195 1855 imponebat.
1227 1769 1322 1850 Quod

293 1883 332 1937 ut
361 1895 448 1937 nunc
483 1875 611 1961 quidem
647 1873 870 1940 tantummodo
908 1875 942 1937 in
963 1871 1070 1936 medio
1093 1873 1235 1958 positum
1268 1881 1325 1954 est,

293 1978 341 2040 ita
372 1986 500 2062 postea,
535 1980 562 2042 si
591 1979 758 2043 universos
787 1975 914 2042 codices
946 1975 1089 2052 contueri
1128 1984 1159 2038 et
1189 1997 1325 2061 perpen-

295 2079 375 2143 dere
396 2076 513 2160 licebit,
549 2103 590 2143 ex
612 2081 758 2144 omnium
781 2086 959 2164 conspeetu
981 2075 1076 2140 facile
1101 2077 1325 2163 comprobabi-

295 2191 357 2246 tur.
389 2180 507 2246 .Nuno
546 2181 607 2246 hoc
648 2192 772 2247 tantum
803 2179 889 2244 illius
912 2177 1198 2245 verisimilitudinis
1220 2183 1323 2265 gratia

297 2282 396 2348 addo:
417 2283 480 2348 alia
502 2307 631 2371 quoque
651 2287 685 2348 in
706 2284 865 2349 Vossiano
888 2281 1036 2363 inveniri,
1053 2304 1136 2369 quae
1157 2282 1325 2348 librarium
1417 2339 1423 2368 ,
1505 2294 1506 2297 ’

298 2385 338 2449 de
375 2408 432 2451 suo
467 2385 621 2452 nonnulla
649 2385 805 2474 adjecisse
833 2393 981 2470 arguant.
1010 2383 1136 2462 ,Quum
1169 2385 1254 2451 enim
1292 2387 1326 2448 in
1419 2427 1425 2430 -=
1494 2458 1498 2467 Ι

299 2488 411 2555 codice
433 2513 490 2555 suo
512 2488 634 2574 legeret
654 2488 687 2553 ΙΙ
715 2484 789 2570 326,
824 2483 867 2555 23
902 2487 964 2549 θέα
986 2511 1023 2549 τε
1049 2513 1100 2570 αν,
1141 2510 1198 2552 suo
1221 2487 1327 2553 Marte

299 2591 428 2656 refinxit
448 2593 598 2673 θεατέον,
634 2590 849 2656 δεὶοᾶοοιισι
870 2591 904 2654 Π
926 2584 1060 2673 334,16
1084 2592 1259 2654 invenisset
1282 2615 1326 2654 κε-

301 2699 421 2779 φαλῆςν
433 2692 503 2761 οὔτε
520 2696 682 2769 κοινωνίας
693 2693 727 2758 Π
740 2688 813 2777 334,
836 2689 878 2758 16
898 2691 976 2759 illud
992 2718 1009 2756 ν
1023 2691 1238 2777 fragmentum
1254 2715 1325 2758 esse

303 2796 450 2861 vocabuli
471 2809 528 2862 νῦν
550 2799 710 2885 opinatus,
734 2796 768 2860 id
784 2798 859 2883 jure
880 2795 942 2860 sibi
963 2796 1129 2860 restituere
1144 2795 1323 2863 uidebatur.

231 2888 241 2904 ’
306 2895 452 2963 Ceterum
472 2900 599 2966 silentio
622 2923 687 2965 non
709 2897 945 2985 praetereunda
961 2907 1046 2979 sunt,
1072 2920 1155 2984 quae
1171 2900 1327 2984 opinioni,

304 3022 399 3086 quam
423 3002 551 3089 protuli,
573 3003 762 3068 adversaria
783 3023 853 3067 esse
876 3001 1056 3069 videantur.

387 3104 494 3169 Semel
515 3099 602 3198 (297,
615 3100 651 3199 8)
674 3103 845 3169 lectionem
866 3104 936 3184 dat,
964 3125 1047 3189 quae
1068 3126 1088 3169 a
1108 3104 1261 3169 Bekkero
1285 3126 1326 3170 ex

302 3207 448 3289 margine
471 3206 541 3270 eod.
565 3211 594 3267 o
614 3217 758 3289 notatur,
783 3208 1053 3290 διακεκοσμῆσθαι
1075 3228 1133 3291 pro
1157 3209 1324 3294 participio

303 3309 605 3393 διακεκοσμημένους.
649 3310 715 3375 Sed
750 3310 830 3374 haec
860 3307 987 3373 obstare
1011 3308 1161 3373 videntur
1185 3310 1325 3396 quidem,

299 3433 362 3477 nee
396 3420 504 3476 tamen
525 3434 639 3477 revera
663 3412 799 3477 obstant.
843 3412 927 3475 Nam
953 3411 1052 3477 multo
1074 3412 1159 3477 veris
1182 3412 1325 3496 similius,

300 3509 387 3579 lianc
409 3514 619 3579 variationem
640 3537 699 3600 per
717 3517 825 3580 neseio
850 3536 930 3600 quoe
950 3514 1071 3579 rivulos
1094 3515 1126 3579 in
1147 3518 1326 3601 marginem

210 3628 212 3634 ’
298 3615 463 3681 οοᾶίοἰεΩ
476 3616 654 3698 devenisse,
675 3618 709 3680 in
733 3638 829 3703 quem
852 3618 959 3681 omnia
977 3616 1118 3704 undique
1134 3617 1326 3682 confluxisse

212 3746 218 3755 ·
296 3718 536 3801 demonstrabo,
558 3741 654 3804 quam
678 3720 858 3784 remotioris
879 3717 1067 3784 aeodioeA
1086 3720 1218 3803 originis
1241 3720 1326 3785 testi.-

294 3822 444 3888 monium
464 3822 499 3884 in
519 3820 679 3885 Vossiano
703 3821 824 3887 haberi.
1258 3814 1267 3831 ⁸

382 3924 452 3988 Neo
472 3922 545 4008 plus
566 3921 667 4006 valet,
703 3925 730 3988 εἰ
753 3922 913 3989 interdum
933 3925 967 3987 in
990 3922 1085 3988 rebus
1104 3924 1232 3990 minutis
1255 3946 1328 3991 eum

293 4050 360 4093 uno
378 4025 525 4091 alterove
536 4026 735 4113 ⁴deteriorum
748 4026 895 4091 codicum
914 4026 1081 4108 consentit,
1103 4026 1205 4107 (velut
1217 4029 1243 4093 oi
1254 4050 1327 4093 oum

290 4130 439 4194 Florent.
463 4150 490 4191 c.
514 4128 612 4195 habet
633 4127 690 4214 χρὴ
714 4130 748 4191 δὲ
770 4153 829 4216 pro
850 4126 908 4213 χρὴ
931 4126 970 4204 δή
990 4124 1063 4211 292,
1078 4124 1122 4209 3).

379 4229 498 4297 Paullo
513 4242 620 4296 autem
635 4234 785 4317 graviora
800 4233 934 4297 forsitan
948 4232 1044 4295 alicui
1058 4231 1238 4313 videantur,
1245 4254 1327 4318 quae

291 4359 366 4402 oum
381 4333 497 4399 codice
508 4338 538 4395 Ω
553 4336 623 4421 ipso
640 4333 684 4397 illi
696 4336 879 4400 communia
901 4357 970 4399 esse
994 4344 1164 4399 narrantur
1185 4332 1274 4398 velut
1293 4333 1327 4397 Π

288 4436 341 4524 35,
359 4435 403 4504 13
415 4440 554 4501 διελθεῖν
565 4441 601 4518 (x
609 4442 639 4499 o
652 4437 695 4517 h.)
704 4460 762 4521 pro
771 4439 948 4513 διεξελθεῖν,
959 4459 1041 4523 quae
1051 4432 1217 4501 diversitas
1229 4457 1326 4522 quum

287 4567 349 4633 per
365 4565 401 4608 se
416 4562 485 4606 non
507 4548 591 4602 esset
613 4541 855 4619 contemnenda,
876 4549 983 4605 tamen
1007 4539 1068 4604 hoo
1090 4537 1170 4625 loeo,
1194 4560 1326 4605 unavo-
