3567 5500
958 774 1082 906 a·

417 952 420 959 Ι
448 960 557 1041 81211
579 993 640 1040 scr.
663 971 739 1060 πρὶν
759 964 801 1037 ἂν
820 968 923 1059 φόνον
943 968 1082 1058 φόνῳ-
1105 970 1122 1045 ἡ
1142 964 1295 1055 δράσασα
1316 966 1400 1055 ψυχὴ
1418 970 1492 1056 vica

465 1084 497 1140 et
510 1074 637 1150 Laches
659 1098 691 1162 p.
704 1070 796 1141 18711
816 1077 892 1162 πρὶν
907 1066 949 1137 ἂν
970 1073 1085 1159 ἐμπέσῃ
1101 1077 1141 1153 εἰς
1161 1068 1203 1137 τδ
1222 1072 1345 1137 διδόναι
1366 1072 1491 1157 λόγον.“
1605 1095 1610 1104 ·

526 1177 624 1258 'Quo
656 1186 763 1244 autem
790 1177 886 1243 modo
916 1186 1094 1241 ceterorum
1127 1177 1320 1262 scriptorum
1342 1175 1406 1241 loci
1437 1186 1493 1241 aut

465 1282 523 1360 sic,
554 1290 590 1345 ut
612 1279 804 1357 scribuntur,
838 1278 1035 1344 defendendi
1060 1287 1092 1343 et
1114 1276 1274 1360 servandi,
1308 1287 1363 1343 aut
1386 1299 1492 1343 emen-

464 1381 564 1447 dandi
588 1383 662 1463 sint,
700 1381 839 1464 videant,
873 1382 929 1468 qui
960 1382 1086 1445 criticos
1110 1379 1197 1467 apud
1219 1378 1292 1445 illos
1315 1388 1491 1467 apparatus

462 1484 605 1549 funditus
624 1470 794 1550 noverunt.
837 1482 937 1549 Nobis
960 1482 1001 1547 de
1021 1482 1128 1567 legum
1149 1482 1390 1549 Platonicorum
1411 1481 1491 1547 locis

464 1588 628 1671 negotium
651 1595 710 1669 est,
733 1608 813 1674 quoe
835 1586 1025 1672 praescitim
1046 1582 1227 1649 Heindorfii
1249 1585 1437 1650 auctoritate
1460 1593 1493 1649 et

465 1687 614 1753 codicum
646 1688 770 1754 vilitate
801 1688 874 1752 freti
907 1686 948 1751 de
972 1688 1050 1751 vitio
1079 1678 1147 1751 lere
1176 1708 1287 1751 omnes
1317 1682 1492 1751 admodum

424 1834 431 1844 -
464 1802 632 1879 suspectos
651 1789 817 1855 habemus.
861 1787 927 1853 Sed
950 1787 1093 1874 singulos
1110 1790 1181 1875 jam
1202 1788 1366 1853 adeamus.

434 1935 437 1953 .
549 1892 656 1981 Atque
674 1890 853 1973 nonnullis,
875 1900 1030 1977 utsupra
1051 1892 1243 1973 monuimus,
1263 1891 1333 1977 jam
1353 1888 1492 1956 editores

464 1998 534 2061 sive
557 2018 599 2061 ex
627 1995 761 2083 vulgata
784 1993 934 2086 lectione,
970 1993 1038 2059 sive
1070 2014 1111 2057 ex
1141 1991 1352 2058 deterioribus
1375 1992 1491 2063 codicis

462 2098 523 2165 bus
543 2120 637 2185 opem
658 2096 813 2165 ferebant.
851 2096 906 2163 Sic
927 2090 1018 2163 92οΒ
1040 2095 1148 2161 verbis
1170 2087 1293 2182 ὅσαπερ
1306 2132 1347 2143 -
1366 2096 1489 2182 λείφθῃ,

461 2200 519 2267 ubi
540 2202 575 2266 in
598 2199 691 2265 codd.
710 2204 740 2263 A
763 2209 794 2263 et
814 2202 844 2261 Ω
868 2192 910 2261 ἂν
932 2200 1098 2274 omittitur,
1127 2220 1247 2281 omnes,
1272 2198 1359 2285 quod
1382 2200 1489 2281 sciam,

463 2300 595 2366 addunt
637 2301 720 2365 Item
741 2297 837 2368 9151)
855 2310 982 2366 mutant
1003 2297 1067 2363 ὅσα
1089 2294 1294 2363 ἀλλάττεται
1315 2323 1374 2388 pro
1397 2300 1489 2369 codd.

443 2399 672 2477 ἀλλάττηται
694 2411 792 2489 atque
816 2412 913 2486 recte,
938 2402 996 2467 sed
1019 2425 1061 2469 ne
1083 2401 1216 2478 verbum
1238 2402 1369 2489 quidem
1392 2402 1489 2467 adno-
1540 2462 1542 2469 .

461 2514 542 2572 tant.
597 2503 684 2569 Dein
710 2499 803 2570 949A
831 2514 961 2591 praeter
982 2504 1169 2571 Bekkerum
1203 2525 1315 2570 omnes
1346 2503 1490 2570 scribunt

464 2603 572 2670 ὁπόσα
595 2604 635 2693 μὴ
659 2606 751 2693 φέρει,
789 2608 914 2673 etiamsi
935 2607 1016 2673 haec
1039 2606 1133 2672 lectio
1163 2628 1230 2673 non
1259 2605 1387 2690 habeat,
1426 2628 1487 2693 quo

460 2710 594 2799 nitatur,
623 2710 686 2776 nisi
709 2719 868 2783 correctos
890 2708 987 2775 codd.
1004 2714 1033 2774 A
1054 2719 1086 2776 et
1110 2707 1145 2772 Ω
1160 2708 1201 2791 *).

547 2809 637 2894 Quid
654 2809 754 2878 vero?
783 2812 865 2878 haec
885 2813 913 2878 si
935 2822 1058 2880 mutare
1081 2811 1207 2893 licebat,
1236 2811 1370 2899 quidni
1394 2812 1489 2878 etiam

461 2914 557 3002 plura
578 2913 676 2979 licet?
740 2951 743 2957 ·

546 3015 680 3082 Habent
701 3017 786 3080 enim
803 3016 926 3102 justam
950 3015 1172 3083 defensionem
1192 3017 1254 3083 hae
1277 3003 1487 3106 conjectmae,

333 3158 336 3163 >
460 3118 556 3186 modo
569 3119 730 3205 ueepicias
751 3117 905 3206 exempla
924 3117 989 3201 illa,
1012 3141 1096 3206 quae
1111 3118 1152 3184 de
1171 3119 1320 3186 codicum
1335 3121 1487 3197 omnium,

459 3243 607 3309 quaeque
629 3221 671 3286 de
699 3223 895 3308 optimorum
924 3224 1129 3309 coriuptione
1158 3221 1334 3304 attulimus,
1374 3221 1416 3286 cl.
1438 3243 1489 3286 su·

458 3345 520 3410 pra
540 3345 614 3409 pag.
635 3317 688 3391 48.
712 3333 744 3388 et
767 3322 818 3389 11.
842 3333 874 3388 et
897 3321 948 3390 13.
971 3326 1142 3411 (conjunct.
1174 3334 1205 3390 ct
1237 3324 1335 3391 indic.
1365 3333 1490 3390 mutan·

457 3435 520 3508 tur,
552 3425 599 3487 δεῖ
625 3434 657 3489 et
682 3422 730 3503 δὴ,
766 3422 842 3511 ᾗπερ
867 3433 898 3489 et
927 3433 1017 3512 ἐῐπερ,
1054 3423 1211 3513 διαφυγήν
1241 3436 1272 3491 et
1299 3428 1487 3512 διαφυγεῖν).

456 3525 501 3592 Et
521 3525 609 3613 quod
629 3518 671 3590 ela
691 3526 908 3615 adjiciendum
931 3549 1001 3594 esee
1035 3528 1118 3610 dico,
1155 3528 1240 3594 idem
1268 3531 1337 3616 jam
1360 3530 1488 3616 saepius

459 3638 491 3693 et
513 3628 554 3695 ab
579 3629 728 3696 omnibus
751 3629 911 3718 adjectum
938 3638 986 3696 est
1013 3629 1053 3695 cf.
1078 3653 1176 3717 supra
1197 3653 1272 3717 pag.
1293 3625 1335 3698 28
1367 3632 1422 3697 ubi
1446 3631 1488 3696 de

459 3731 684 3802 communibus
703 3731 857 3800 Vossiani
879 3742 911 3798 et
932 3732 1005 3798 Par.
1026 3732 1153 3798 mendis
1180 3737 1315 3819 exposui
1339 3745 1371 3800 et
1391 3757 1423 3821 p.
1443 3730 1485 3800 51

454 3835 630 3921 praecipue
651 3829 754 3902 8680
775 3845 808 3900 et
828 3830 943 3918 64811,
981 3834 1037 3900 ubi
1067 3836 1100 3898 in
1132 3834 1281 3900 omnibus
1312 3829 1354 3900 oio
1385 3837 1484 3905 deest.

453 3933 550 4000 Hanc
569 3937 669 4021 igitur
687 3938 844 4002 rationem
865 3939 968 4002 secuti
985 3939 1065 4025 jam,
1098 3959 1179 4024 quos
1204 3958 1302 4024 supra
1324 3940 1505 4025 congessi·-

454 4057 527 4103 mus
551 4036 653 4118 locos,
685 4048 868 4104 tractemus.
1278 4121 1279 4126 γ

537 4137 618 4226 Peg.
630 4135 723 4206 87311
741 4140 789 4205 bis
811 4140 932 4228 legitur
947 4138 1053 4222 (πλὴν)
1077 4133 1140 4206 ὅσα
1159 4162 1233 4208 cum
1250 4141 1482 4232 conjunctivo:

451 4235 599 4308 Plimum
621 4238 677 4307 itis
698 4241 725 4304 δ’
747 4238 811 4328 ἄρα
837 4238 1047 4330 integumenti
1076 4245 1154 4321 ζῶον
1183 4242 1264 4310 ἄλλο
1288 4273 1322 4311 τι
1343 4243 1481 4334 φονεύσῃ

516 4483 542 4552 *)
575 4486 643 4538 Nam
660 4483 754 4537 Stallb.
772 4490 802 4538 ut
818 4485 884 4540 alibi
902 4486 946 4561 sic
959 4487 1038 4538 etiem
1056 4486 1100 4540 hic
1117 4487 1275 4542 contundere
1293 4487 1398 4541 videtur
1414 4485 1480 4540 duos

447 4567 548 4627 codicis
564 4571 626 4626 Par.
642 4587 743 4626 manus.
