3567 5500
513 1633 569 1712 Π.
614 1629 809 1731 Singula
834 1624 1146 1729 corruptionis
1173 1621 1437 1734 specimina.

549 1997 624 2063 Duo
646 1994 728 2082 sunt,
751 2007 787 2064 ut
801 2006 935 2081 constat,
964 1997 1093 2080 indicia,
1118 1996 1244 2084 quibus,
1267 2017 1349 2083 quae
1364 2016 1494 2083 quoque

464 2100 536 2166 loeo
555 2100 716 2185 leguntur,
739 2111 829 2166 recta
843 2101 915 2183 sint,
941 2123 982 2165 an
998 2099 1182 2186 depravata,
1199 2097 1402 2185 judicantur:
1424 2118 1494 2161 sen-

380 2232 384 2242 ·
463 2205 565 2269 tentia
580 2205 735 2290 cujusque
756 2202 827 2267 loci
835 2212 866 2267 et
886 2203 1112 2287 grammaticae
1134 2223 1275 2288 ususque
1295 2199 1391 2284 leges,
1418 2219 1495 2285 quo-

463 2327 536 2375 rum
558 2303 748 2369 indiciorum
770 2326 870 2369 unum
890 2313 1027 2390 apparet
1050 2303 1091 2366 ad
1112 2301 1257 2386 formam,
1295 2303 1429 2368 alterum
1451 2298 1494 2363 ad

464 2416 685 2492 argumentum
706 2407 875 2493 pertinere.

549 2508 656 2596 Atque
679 2509 817 2595 primum
839 2510 866 2572 si
886 2507 1009 2572 formae
1023 2506 1154 2594 regulis,
1176 2529 1260 2594 quae
1281 2509 1315 2572 in
1330 2504 1493 2571 codicibus

357 2607 360 2613 ’
464 2619 591 2676 servata
617 2620 701 2692 sunt,
740 2611 904 2694 metimur,
949 2611 1017 2697 ejus
1041 2611 1162 2695 negotii
1188 2619 1261 2696 post
1285 2609 1376 2690 Astii,
1414 2604 1488 2671 Her-

464 2713 584 2797 manni,
623 2713 857 2796 Turicensium,
895 2711 1097 2779 Stellbaumii
1125 2733 1219 2777 curas
1250 2733 1315 2777 non
1342 2728 1491 2795 magnam

465 2837 634 2903 superesse
653 2826 788 2902 partem,
822 2815 965 2902 profecto
987 2837 1051 2880 non
1072 2817 1188 2879 mirum
1213 2824 1270 2896 est,
1304 2811 1492 2901 praesertim

279 2924 281 2928 ’
339 2986 342 2990 7
464 2918 491 2982 si
512 2939 551 2982 ea
572 2918 690 2983 menda
718 2918 880 3005 respicias,
920 2939 1002 3004 quae
1032 2918 1214 2982 notissimas
1240 2926 1271 2981 et
1300 2912 1493 2979 certissimas

464 3017 594 3105 linguae
616 3017 705 3104 leges
728 3019 897 3084 laeserunt.

549 3122 666 3208 Atque,
690 3123 747 3187 etsi
762 3120 815 3185 vel
832 3121 901 3207 ejus
920 3122 1045 3206 generis
1065 3120 1199 3187 forsitan
1213 3118 1369 3186 nonnulla
1388 3139 1493 3209 errem·

464 3222 520 3309 pla
540 3223 710 3308 supersint,
750 3234 833 3309 quae
867 3246 969 3310 parva
993 3246 1092 3311 opera
1118 3224 1163 3289 ite
1193 3224 1318 3311 possint
1351 3220 1492 3300 formari,

463 3332 499 3387 ut
520 3322 652 3409 linguae
674 3325 798 3411 legibus
826 3328 930 3411 magis
953 3310 1178 3413 respondeant,
1215 3347 1253 3407 ea
1276 3334 1385 3389 tamen
1406 3342 1493 3386 nunc

463 3426 563 3508 mitto,
596 3435 632 3490 ut
653 3426 695 3491 ad
719 3427 916 3493 difficiliores
939 3429 1143 3515 quaestiones
1166 3426 1327 3507 accedam,
1360 3425 1401 3489 de
1424 3424 1493 3511 qui-

378 3613 382 3616 ·
462 3527 523 3593 bus
547 3551 647 3615 quum
669 3530 812 3595 nondum
844 3539 911 3595 tam
944 3530 1036 3595 firma
1058 3529 1111 3594 lex
1135 3530 1175 3593 sit
1197 3527 1366 3593 constituta
1387 3546 1493 3613 neque

442 3629 502 3693 ab
525 3631 673 3696 omnibus
699 3632 889 3720 approbata,
919 3654 960 3696 ne
982 3633 1095 3697 horum
1118 3630 1272 3697 librorum
1294 3627 1492 3718 quidemlo·

462 3753 526 3815 cos,
551 3725 686 3820 qui'sub
709 3734 781 3801 illas
801 3733 930 3819 regulas
953 3733 1082 3816 cadunt,
1108 3756 1172 3797 uno
1195 3732 1372 3819 eodemque
1395 3730 1491 3795 modo

361 3834 366 3843 '
462 3836 495 3901 in
528 3834 725 3903 editionibus
756 3845 908 3902 tractatos
938 3836 1094 3902 videmus.
1141 3835 1245 3921 Atque
1278 3856 1365 3899 nunc
1392 3856 1434 3897 ex
1454 3855 1491 3897 so
1576 3892 1580 3901 .

460 3958 594 4002 numero
617 3937 706 4004 illam
728 3937 965 4003 consideremus
987 3939 1218 4025 quaestionem,
1242 3945 1392 4024 quaeest

493 4176 500 4192 ⁸
537 4198 580 4280 1.Ι
605 4198 641 4262 is
660 4197 800 4279 portiom
825 4188 865 4256 ἄν
886 4203 951 4279 post
970 4199 1089 4263 relativa
1110 4197 1278 4279 pronomina
1299 4195 1412 4260 omissa.

546 4363 605 4431 Est
625 4368 732 4430 autem
755 4361 836 4427 haec
858 4386 911 4428 res
934 4386 975 4431 ex
998 4365 1046 4443 iis,
1084 4386 1167 4453 quae
1188 4364 1223 4429 in
1244 4367 1373 4451 syntaxi
1394 4338 1514 4451 potis,

459 4466 573 4531 simum
595 4488 661 4533 non
676 4474 751 4530 sunt
771 4486 873 4550 rarae,
893 4467 1062 4554 inquibus
1085 4490 1152 4535 non
1173 4476 1238 4533 tam
1258 4466 1489 4554 quaerendum,
