3567 5500
448 929 524 998 inde
548 931 665 998 omisso
685 929 892 1016 exposuimus
913 926 956 994 ad
977 923 1071 994 847u
1086 929 1163 994 etc.“
1209 930 1253 992 At
1275 927 1301 991 si
1322 925 1364 1007 id,
1386 925 1483 1012 quod'

447 1042 567 1115 monet,
604 1033 777 1120 sequimur,
813 1031 969 1117 majorem
991 1032 1087 1096 etiam
1110 1030 1178 1116 ejus
1203 1028 1475 1116 deprehendimus

447 1136 706 1222 inconstantiam.
751 1133 789 1199 In
812 1133 1018 1198 annotatione
1042 1134 1138 1212 enim,
1181 1152 1278 1218 quam
1301 1129 1419 1224 adjecit
1442 1151 1475 1216 p.

372 1221 376 1231 ’
445 1231 551 1318 847Ε,
572 1236 682 1322 palam
702 1258 737 1302 se
760 1258 827 1301 non
848 1232 980 1298 credere
1004 1233 1182 1316 confitetur,
1207 1232 1293 1319 apud
1305 1231 1476 1297 Platonem
1544 1286 1548 1292 .

447 1336 578 1425 quidem
610 1337 802 1425 particulam
831 1335 921 1402 illam
950 1344 1023 1422 post
1051 1335 1186 1400 relativa
1209 1327 1251 1412 ὃς,
1286 1327 1371 1412 ὅσος,
1410 1332 1476 1398 alia

447 1461 514 1506 non
537 1442 676 1526 positam
699 1463 769 1505 esse
791 1447 901 1524 (atque
925 1437 1069 1502 similiter
1093 1437 1221 1524 judicat
1251 1435 1293 1501 ad
1314 1433 1474 1502 Alcibiad.

446 1541 472 1611 Ι.
494 1564 526 1628 p.
539 1536 641 1624 1340)
666 1541 777 1628 ibique
800 1540 1029 1604 constructioni
1051 1531 1167 1604 autdv
1188 1538 1275 1604 illato
1299 1547 1355 1603 aut
1376 1535 1475 1602 verbo

447 1669 465 1727 p
488 1642 594 1708 deleto
617 1644 760 1708 succurri
777 1642 879 1728 jubet.
927 1639 1077 1727 Denique
1100 1635 1265 1707 ad73713
1291 1641 1349 1721 (οἷς
1371 1637 1387 1724 ᾖ
1412 1664 1476 1703 πα-

448 1739 524 1807 λαιοὶ
546 1742 729 1829 ἐγκλήματα
752 1741 831 1830 πρός
854 1739 1011 1819 ἀλλήλους
1030 1744 1083 1804 καὶ
1097 1735 1184 1818 ὅσοις
1201 1754 1257 1808 νοῦ
1272 1745 1326 1805 καὶ
1347 1739 1478 1828 σμικρὸν

339 1914 342 1918 ,
447 1851 535 1930 μετῇ)
562 1855 731 1934 postquam
755 1848 790 1909 in
813 1846 1022 1910 annotatione
1045 1845 1154 1908 critica
1177 1844 1272 1930 plura
1297 1845 1477 1930 proposuit,

447 1949 482 2012 in
505 1950 672 2034 exegetica
694 1947 774 2012 alios
799 1947 909 2011 videre
926 1944 1029 2032 jubet,
1067 1945 1228 2032 quomodo
1254 1945 1478 2010 auxiliandum

305 2071 320 2090 ·
383 2126 385 2130 μ
450 2051 499 2114 sit.
556 2049 595 2114 In
617 2059 709 2115 tanta
726 2051 821 2134 igitur
848 2047 938 2112 illius
972 2047 1173 2113 dubitatione
1204 2049 1231 2113 si
1262 2049 1477 2134 circumspici-

449 2173 531 2233 mus,
572 2151 650 2238 quid
684 2153 783 2221 ceteri
807 2150 945 2217 editores
969 2148 1010 2214 de
1039 2149 1099 2215 hac
1121 2172 1156 2214 re
1173 2149 1331 2235 judicent,
1368 2171 1410 2214 ne
1428 2147 1478 2213 illi

409 2276 412 2281 ⁴
454 2251 594 2340 quidem,
632 2263 787 2340 quantum
814 2254 892 2333 scio,
930 2250 992 2316 sibi
1012 2261 1169 2317 constant.
1461 2233 1468 2248 ’

531 2354 617 2424 Nam
637 2355 807 2419 Bokkerus
836 2375 936 2440 quum
960 2355 1073 2418 ceteris
1097 2354 1227 2440 quidem
1256 2355 1333 2420 locis
1362 2356 1396 2418 in
1419 2353 1479 2418 hac

450 2479 484 2522 re
507 2457 654 2522 codicum
675 2456 811 2542 vestigia
843 2464 979 2542 premat,
1015 2464 1125 2520 tamen
1148 2480 1179 2544 p,
1201 2453 1301 2524 9203
1326 2457 1382 2538 (Π.
1404 2451 1477 2538 244,

448 2554 481 2640 9)
503 2558 612 2626 scribit
637 2552 834 2644 doanrpdv
856 2555 969 2633 αὐτοῖς
997 2561 1111 2643 λειφθῇ
1136 2555 1287 2646 δόξαντα.
1307 2562 1340 2620 ἐκ
1363 2562 1479 2633 πολλῆς

444 2661 586 2746 ,ἀνάγκης
606 2672 680 2745 etc,
703 2679 898 2748 quamquam
917 2652 958 2722 dv
979 2662 1013 2725 in
1033 2661 1162 2745 optimis
1182 2659 1343 2728 codicibus
1358 2667 1386 2725 A
1403 2669 1434 2726 et
1450 2662 1477 2726 Ω

449 2784 515 2831 non
546 2765 692 2830 habetur.
736 2764 849 2851 Neque
879 2762 974 2828 aliter
993 2764 1187 2829 Turicenses
1209 2774 1241 2829 et
1263 2763 1477 2846 Hermannus,

450 2868 516 2954 qui,
541 2868 665 2932 etiamsi
685 2868 718 2930 in
739 2866 903 2952 plerisque
925 2864 1053 2931 illorum
1072 2864 1217 2941 locorum
1235 2866 1392 2952 particula
1412 2888 1479 2931 non

449 2990 530 3055 opus
553 2990 623 3033 esse
644 2967 803 3052 judicent,
844 2967 1053 3032 nihilominus
1076 2990 1107 3053 p.
1130 2962 1222 3032 84OE
1245 2990 1317 3033 eam
1338 2967 1479 3033 inferunt

448 3070 547 3157 idque
569 3092 611 3134 ne
632 3070 721 3156 justo
751 3068 882 3156 quidem
915 3067 996 3134 loco.
1039 3068 1205 3135 ‘Scribant
1229 3071 1316 3134 enim
1338 3071 1392 3133 καὶ
1415 3063 1477 3133 ὅσα

449 3174 515 3248 ζῶα
536 3171 713 3256 ξύμπαντα
731 3167 863 3257 stpos'oap'
879 3164 920 3235 ἂν
942 3167 1086 3247 ἑκάστοις
1107 3166 1124 3255 ᾖ
1147 3194 1205 3259 pro
1229 3172 1321 3238 codd.
1341 3172 1478 3237 lectione
1549 3256 1553 3265 ι

385 3347 389 3356 Ι
450 3280 483 3336 ἐν
505 3270 657 3350 ἑκάστοις.
698 3274 906 3339 Hermannus
929 3283 1094 3360 praeterea
1118 3275 1153 3338 in
1167 3274 1338 3341 Alcibiade
1356 3275 1382 3340 I.
1405 3270 1477 3356 134,

333 3381 338 3389 ’
448 3374 538 3462 quod
553 3398 596 3439 ex
609 3378 721 3441 ceteris
737 3376 874 3470 dialogis
889 3378 1032 3458 unicum,
1056 3375 1143 3463 quod
1159 3378 1267 3459 sciam,
1295 3376 1478 3463 exemplum

450 3487 527 3559 erat,
551 3480 723 3543 correxit
742 3474 780 3541 οὗ
794 3474 855 3563 γάρ
870 3469 925 3545 ἂν.
960 3476 1054 3543 Haec
1077 3479 1175 3563 igitur
1198 3481 1364 3566 opiniones
1379 3501 1478 3565 quum

448 3591 514 3646 tam
536 3581 676 3647 incertae
697 3591 729 3646 et
750 3579 921 3665 ambiguae
943 3580 1016 3662 sint,
1047 3580 1125 3666 quid
1148 3582 1182 3645 iu
1203 3580 1335 3648 Platone
1357 3581 1478 3646 facien-

449 3684 526 3748 dum
541 3685 591 3765 sit,
615 3693 650 3747 ut
665 3685 727 3770 ipsi
752 3682 975 3769 dijudicemus,
1000 3681 1139 3768 primum
1160 3682 1357 3769 reliquorum
1381 3687 1478 3771 scrip-

448 3793 554 3852 torum
575 3808 669 3851 usum
692 3785 871 3865 videamus,
910 3784 986 3849 dein
1008 3783 1088 3850 alios
1111 3786 1257 3853 homines
1285 3786 1406 3869 doctos,
1443 3790 1496 3851 in·

448 3889 560 3975 primis
590 3890 827 3973 grammaticos,
866 3887 1045 3955 audiamus.
1102 3887 1209 3974 Atque
1240 3889 1335 3953 inco
1368 3909 1478 3953 omnes

448 3992 660 4072 consentiunt,
700 3988 788 4075 apud
820 3988 1010 4071 Homerum,
1057 3988 1185 4075 lyricos,
1234 3992 1372 4077 tragicos
1404 4012 1479 4055 eum

447 4114 541 4157 usum
565 4100 632 4157 tam
650 4090 854 4178 frequentem
868 4112 949 4174 esse,
971 4100 1006 4156 ut
1021 4090 1130 4157 inillis
1152 4113 1288 4177 poeseos
1306 4092 1476 4179 generibus

404 4229 409 4236 ·
447 4192 545 4281 plane
567 4195 675 4260 tritum
697 4215 737 4258 ao
759 4192 937 4279 legitimum
955 4192 1052 4258 finisse
1072 4202 1191 4279 pateat.
1224 4194 1385 4283 Exempla
1406 4217 1477 4283 per·

446 4295 548 4361 multa
571 4306 602 4362 et
622 4304 700 4384 apta
722 4294 857 4363 contulit
870 4292 911 4360 G.
923 4294 1131 4361 Hermannus
1145 4296 1180 4362 in
1194 4295 1415 4363 dissertatione
1438 4296 1478 4361 de

446 4398 607 4484 particula
629 4393 680 4477 ἄν,
703 4420 810 4487 opusc.
824 4396 882 4464 lv.
898 4420 929 4484 p.
940 4393 1002 4464 113
1016 4420 1087 4486 sqq.
1102 4398 1190 4480 (vide
1202 4398 1336 4465 Lobock
1350 4421 1478 4487 quoque
