3567 5500
792 799 834 875 81

249 1050 253 1053 -
296 1005 393 1063 etant:
414 991 496 1081 μετοὶ
517 997 551 1060 δὲ
567 996 731 1082 Δαρεῖονὸ
752 991 794 1081 τῇ
813 990 956 1081 βασιλικῇ
977 996 1031 1059 καὶ
1050 991 1204 1084 ’τρυφώσῃ
1226 992 1325 1061 πολιν

295 1101 475 1175 παιδευθεὶς
494 1094 626 1184 παιδεία
644 1099 764 1184 Ξέρξης.
809 1094 995 1186 dilapsis,
1025 1101 1254 1163 staretstart
1276 1101 1324 1162 δι-

294 1199 511 1279 καιότατον
533 1201 631 1284 taos,
670 1193 709 1277 ὃς
730 1198 775 1263 τὸ
794 1198 919 1287 Kripoc
947 1198 1063 1267 κακὰν
1086 1199 1152 1264 οὐκ
1178 1206 1324 1287 ἔμαθες,

295 1304 437 1389 ἐθρέψω
462 1304 500 1366 δὲ
521 1304 661 1389 Ξέρξην
691 1308 728 1368 ἐν
757 1316 840 1380 τοῖς
869 1302 1005 1380 αὐτοῖς
1034 1300 1177 1380 ἤθεσιν,
1215 1305 1251 1366 ἒν
1273 1303 1323 1365 ol·

295 1430 387 1490 σπεμ
409 1411 528 1492 Κῦρος
552 1407 767 1490 Καμβύσην.
823 1405 901 1469 ὁδε
931 1400 990 1470 ἅτε
1020 1402 1084 1469 τῶν
1113 1400 1222 1469 αὐτῶν
1248 1421 1322 1467 παι-

295 1505 383 1571 δειῶν
402 1506 561 1594 γενόμενος
577 1514 710 1591 ἔκγονος,
728 1506 940 1595 παραπλήσια
956 1492 1126 1572 ἀπετέλεσε
1148 1518 1218 1583 τοῖς
1231 1512 1322 1591 Καμ-

294 1610 393 1692 βύσου
414 1608 594 1695 παθήμασι.
621 1650 657 1659 -
698 1611 778 1692 Quis
801 1620 858 1692 est,
895 1612 973 1697 quin
994 1610 1122 1693 videat„
1149 1630 1245 1697 quam
1267 1608 1322 1673 ab·

295 1712 411 1776 surdus
430 1712 482 1776 hic
504 1734 608 1777 sermo
629 1715 679 1795 sit,
702 1734 800 1798 qnam
822 1713 972 1798 indignus
992 1712 1135 1794 Platone,
1160 1733 1256 1798 quam
1277 1711 1324 1773 in-

295 1816 563 1902 epte'impositus,
599 1825 637 1880 ut
659 1838 785 1879 onmem
806 1815 915 1883 turbet
947 1817 1096 1881 orationis
1124 1812 1269 1878 ordinem
1292 1822 1323 1877 et

296 1916 549 1982 cohaerentiam:
585 1918 672 1998 Quid
691 1917 793 1984 multa
813 1928 888 2004 post
906 1940 953 2000 ea,
976 1938 1058 2003 quae
1079 1916 1324 2002 disputaverunt

295 2018 488 2084 Turicenses
518 2030 549 2085 et
569 2018 801 2085 Hermannus?
860 2019 991 2101 Omitte,
1028 2040 1112 2105 quae
1142 2017 1189 2082 illi
1222 2018 1323 2083 omitti

291 2122 466 2209 jusserunt,
490 2132 610 2208 quanto
633 2122 736 2187 lenius
759 2132 792 2187 et
812 2120 970 2208 placidius
991 2120 1069 2187 fluet
1090 2117 1212 2186 oratio?
1256 2118 1322 2184 Sed

296 2234 332 2288 ut
351 2224 449 2311 plane
466 2226 500 2288 in
522 2226 682 2309 integrum
704 2226 899 2307 restituatur,
922 2223 1033 2311 paullo
1057 2223 1187 2309 longius
1210 2244 1322 2310 proce-

296 2325 372 2391 dere
397 2348 477 2412 opus
500 2334 579 2391 est·
611 2327 725 2414 Neque
748 2329 832 2392 enim
863 2335 989 2392 tantum
1018 2326 1321 2413 interpolamentum

295 2430 400 2515 ipsum
429 2428 647 2494 exsecandam
670 2438 727 2511 est,
764 2429 821 2494 sed
848 2432 942 2493 etiam
965 2452 1014 2511 ea,
1052 2426 1169 2515 quibus
1196 2438 1257 2512 ,aut
1275 2430 1322 2493 in·

294 2530 470 2618 terpolator
491 2539 546 2595 aut
567 2530 693 2596 scribae
714 2534 874 2615 genuinae
898 2532 1062 2617 scriptoris
1085 2531 1220 2595 orationi
1242 2540 1322 2595 tam·

296 2654 394 2719 quam
421 2631 530 2697 fibulis
553 2636 764 2699 internectere
786 2633 994 2698 conabantur.
1050 2632 1165 2719 Itaque
1186 2632 1321 2697 etiamd

296 2734 331 2795 δὲ
354 2732 503 2800 cancellis
534 2735 598 2801 illis
632 2734 878 2824 comprehendo,
916 2746 952 2800 ut
983 2734 1114 2800 tandem
1144 2733 1320 2822 aliquando

296 2835 419 2922 periodi
452 2833 595 2904 membra
631 2841 746 2905 misere
781 2839 923 2904 lacerata
962 2836 1145 2902 coalescere
1188 2839 1321 2924 possint.

294 2938 377 3003 Nam
409 2940 662 3026 interpunctione
684 2951 758 3028 post
778 2941 893 3028 Ξέρξην
923 2932 1050 3006 sublata
1072 2963 1138 3004 una
1169 2941 1321 3027 periodus
1375 2952 1379 2956 ’

293 3041 374 3106 haec
395 3044 519 3108 existit:
558 3043 660 3106 Μετὰ
682 3045 716 3106 δὲ
738 3048 872 3131 Δαρεῖον
895 3044 912 3106 ὁ
935 3054 971 3128 τῇ
995 3045 1139 3128 βασιλικῇ
1172 3047 1227 3107 καὶ
1247 3069 1322 3129 τρν-

292 3141 384 3230 φοίση
405 3142 505 3206 πάλιν
524 3148 704 3222 παιδευθεὶς
724 3147 850 3232 Ξέρξης,
879 3141 939 3208 ἅτε
958 3155 1023 3208 τῶν
1044 3147 1155 3208 αὐτῶν
1174 3148 1324 3210 παιδειῶν

294 3244 454 3332 γενόμενος
479 3253 611 3332 ἔκγονος
646 3247 860 3335 παραπλήσια
894 3247 1062 3312 ἀπετέλεσε
1096 3259 1166 3323 τοῖς
1193 3245 1322 3334 Καμβύ-

293 3371 353 3410 σου
373 3349 556 3436 παθήμασι.

378 3451 493 3516 Eidem
514 3452 567 3519 vel
588 3453 713 3540 aequali
747 3454 924 3540 sapientiae
948 3452 1044 3516 aliud
1066 3451 1201 3517 debetur
1229 3475 1322 3518 orna·
1372 3528 1374 3534 7

292 3563 447 3636 mentum,
477 3555 564 3641 quod
584 3556 791 3622 Hermannus
813 3577 937 3650 summo
954 3557 1029 3643 jure
1049 3552 1193 3618 Platonis
1211 3553 1321 3620 verbis

293 3653 450 3737 abstersit,
474 3656 752 3741 languidiasimum
774 3658 845 3722 dico
867 3656 1005 3722 Hesiodi
1025 3646 1124 3720 vocis¹
1137 3658 1324 3743 interpreta—
1429 3671 1433 3679 “

293 3766 445 3838 mentum,
469 3781 532 3844 quo
554 3755 653 3825 69οΕ
674 3758 818 3825 Platonis
838 3759 939 3825 verba
961 3755 1010 3844 ἆρ’
1031 3757 1087 3821 οὐκ
1106 3754 1321 3841 ἀγνοήσαντες

294 3853 355 3920 τὸν
373 3859 525 3923 Ἡσίοδον
545 3860 718 3947 ὀρθότατα
740 3863 887 3945 λέγοντα,
918 3862 957 3938 ὦς
977 3859 1018 3924 τὸ
1037 3854 1130 3946 ἥμισυ
1153 3871 1214 3923 τοῦ
1236 3885 1320 3924 παν-

293 3957 350 4036 τὸς
369 3960 522 4039 πολλάκις
541 3966 611 4027 ἐστὶ
633 3965 733 4027 πλέον
754 3965 839 4030 huno
871 3966 906 4029 in
938 3964 1071 4029 modurn
1103 3963 1320 4050 explicantur:

229 4112 233 4116 r
289 4051 424 4127 'datvm
447 4060 465 4148 ᾖ
487 4064 529 4128 τὸ
554 4066 609 4151 μὲν
637 4060 712 4130 ὅλον
736 4062 908 4153 λαμβάνειν
933 4068 1084 4153 ζημιῶδες,
1118 4065 1160 4128 cd
1181 4065 1208 4128 δ’
1228 4060 1321 4153 ἥμισυ

292 4164 429 4250 μέτριον,
447 4165 544 4232 Ιτότε
566 4166 607 4231 τὰ
637 4169 763 4256 μέτριον
794 4181 856 4232 τοῦ
878 4169 1019 4256 ἀμέτρου
1048 4169 1146 4232 πλέον
1175 4169 1319 4252 ἡγήσατο

292 4265 421 4352 ἀμεῖνον
442 4261 480 4332 ὃν
501 4273 648 4357 χείρονος,
673 4273 842 4360 quaejam
862 4272 1043 4360 asyndeton
1066 4292 1164 4359 quam
1182 4275 1321 4337 maxime

291 4368 398 4434 reddit
420 4385 568 4459 suspecta
589 4374 644 4456 (cf.
667 4371 759 4444 7450
782 4384 813 4440 et
833 4371 954 4460 695D).

377 4472 451 4538 Alio
473 4475 594 4541 indicio
620 4476 813 4563 interpolata
836 4499 907 4543 esse
937 4487 1115 4563 arguuntur
1143 4477 1320 4544 verberat

291 4574 333 4638 τὰ
353 4577 467 4662 τρίτον
489 4580 521 4640 ἐκ
543 4581 754 4665 δημοκρατίας
777 4574 891 4664 UOE,
918 4588 994 4648 sunt
1015 4581 1099 4646 eninr
1121 4579 1226 4647 alieno
1249 4581 1320 4648 loco

1100 4703 1116 4756 6
