3567 5500
963 812 1006 885 ss
1079 834 1081 839 ,

468 971 530 1072 nisi
556 999 724 1091 ξέγκληρον
745 1017 847 1069 ποιεῖν
866 1008 931 1072 τινέ
952 1034 986 1070 τι
1008 1002 1119 1089 (τινα).
1163 1004 1275 1073 'Polus'
1287 1008 1387 1092 igitur
1409 1004 1500 1073 locus

469 1108 531 1173 hoc
553 1107 619 1174 fere
639 1108 735 1174 modo
753 1109 1013 1197 interpretandus
1027 1120 1090 1189 est:
1112 1118 1143 1173 et
1165 1106 1260 1174 binas
1282 1118 1407 1197 oportet
1430 1132 1502 1197 par·

469 1219 518 1275 tes
550 1233 653 1298 prope
685 1209 797 1277 urbem
828 1210 1005 1299 proculque
1042 1213 1117 1277 sites
1148 1212 1181 1275 in
1218 1210 1363 1298 singulas
1400 1220 1501 1277 sortes

471 1315 634 1400 conjungi,
657 1313 701 1379 ad
724 1313 838 1378 urbem
852 1315 997 1400 jacentes
1020 1336 1093 1378 cum
1115 1314 1266 1377 extremis
1288 1323 1321 1377 et
1343 1313 1501 1379 secundas

470 1414 512 1481 eb
542 1414 623 1480 urbe
654 1438 730 1480 oum
751 1415 900 1480 secundis
922 1440 942 1481 a
964 1414 1084 1483 finibus
1105 1424 1136 1480 et
1158 1417 1205 1479 sic
1235 1414 1361 1502 reliqua
1383 1418 1499 1484 omnia.

555 1516 655 1581 Porro
688 1517 827 1582 eandem
859 1519 1216 1605 interpretamentorum
1249 1517 1388 1603 speciem
1423 1538 1501 1605 prae

472 1642 506 1685 se
526 1619 648 1683 feruntz
1379 1632 1384 1643 ·

555 1717 648 1788 881Β
672 1722 720 1783 δεῖ
745 1718 783 1794 δὴ
805 1718 867 1797 τοὶς
887 1720 1003 1785 ἐνθάδε
1031 1719 1174 1798 κολάσεις
1199 1723 1270 1807 περὶ
1293 1720 1337 1785 voi
1361 1732 1502 1786 τοιαῦτα

472 1821 619 1887 τούτοισι
640 1825 709 1899 τοὶς
729 1826 766 1886 ἐν
788 1834 840 1908 τῷ
861 1828 926 1909 ζῇν
948 1824 1041 1917 μηδὲν
1064 1833 1129 1887 τῶν
1153 1828 1185 1887 έν
1200 1817 1314 1887 Ἅιδου
1336 1826 1502 1887 λείπεσθαι

473 1923 561 1989 κατοὶ
590 1922 732 2012 δέναμιν.
776 1925 886 1992 Verba
909 1927 993 1991 enim
1018 1922 1079 2002 τοὶς
1099 1929 1131 1989 έν
1150 1935 1197 2010 τῷ
1214 1927 1271 2011 ζῇν
1303 1936 1377 1991 sunt
1407 1928 1502 1993 inter·

472 2030 619 2115 protetio,
657 2052 740 2116 quae
774 2031 808 2093 in
841 2030 1005 2114 margine,
1018 2027 1280 2093 antecedentibus
1307 2025 1369 2105 τοῖς
1391 2026 1525 2092 ἐνθάδε·

474 2130 636 2218 adscripta
662 2121 741 2196 erat
784 2130 1002 2219 Opponuntur
1027 2140 1135 2195 autem
1165 2136 1200 2193 ot
1224 2128 1337 2194 ἐνθάδε
1364 2128 1503 2207 κολάσεις

472 2233 511 2297 iis
535 2234 659 2319 poeuis,
696 2256 779 2319 quae
808 2233 897 2321 apud
926 2234 1048 2298 inferos
1070 2234 1175 2319 impiis
1205 2242 1279 2297 sunt
1308 2243 1439 2320 paratae
1462 2234 1502 2298 cf.

473 2330 510 2421 pJ
525 2330 618 2400 9590
648 2338 703 2397 καὶ
723 2333 917 2411 τελευτήσας
939 2335 1134 2421 οἷτιμοέρητος
1158 2328 1199 2397 οἲν
1229 2346 1334 2398 κακῶν
1363 2334 1501 2421 οἱμαρτη-

475 2433 587 2521 μάτων
617 2439 754 2522 ἐγίγνετο
785 2434 845 2500 τᾶν
876 2434 959 2523 μετὰ
986 2437 1045 2501 τὸν
1077 2435 1191 2500 lutolde
1224 2439 1301 2521 βίον.
1348 2434 1503 2503 Similiter

476 2534 572 2607 9581)
597 2544 627 2602 ot
648 2540 722 2625 τῇδε
744 2541 816 2602 θεοὶ
847 2550 1054 2627 opponuntur
1083 2551 1153 2615 τοῖς
1184 2537 1323 2624 ὐπόιρῆς
1345 2537 1400 2621 (cf.
1421 2538 1499 2607 Plet.
1528 2616 1530 2625 y
1642 2584 1643 2591 ι

475 2656 559 2728 resp.
582 2637 691 2708 4841).
717 2640 815 2728 Gorg.
835 2637 938 2709 5253.
969 2640 1089 2729 Gratyl.
1110 2636 1203 2706 403ss
1222 2652 1253 2707 et
1272 2644 1317 2707 sic
1337 2642 1418 2707 haee
1435 2662 1496 2705 vox

475 2744 563 2831 apud
584 2746 722 2831 tragicos
744 2742 932 2832 saepissime
956 2749 1149 2831 usurpatur).
1194 2744 1263 2810 Nec
1285 2746 1390 2810 minus
1413 2765 1500 2834 aper·

473 2857 540 2912 tam
570 2848 819 2934 explicationem
851 2846 952 2912 habes
983 2843 1087 2914 814A
1120 2847 1175 2912 ubi
1190 2843 1355 2932 ’πείσητῇ
1375 2845 1503 2932 δυνάμει
1597 2884 1599 2890 -

474 2948 635 3034 glossema
666 2959 734 3015 erat
764 2950 806 3014 ad
829 2950 993 3034 πανδημεί.
1043 2949 1150 3014 Minus
1183 2951 1218 3012 in
1252 2950 1422 3036 propatulo
1456 2959 1504 3014 est

475 3053 589 3116 vitium
608 3051 782 3135 consimile,
810 3050 899 3139 quod
921 3051 999 3117 latet
1020 3073 1094 3139 pag.
1118 3047 1209 3119 795ss
1232 3049 1312 3125 ἄλλη
1334 3052 1367 3114 δὲ
1390 3048 1504 3127 εὐεξίας

475 3144 698 3241 ἐλαφρότητός
712 3180 748 3218 τε
769 3154 856 3217 ἕνεκα
874 3155 930 3216 καὶ
951 3153 1086 3228 κάλλους
1104 3164 1170 3218 τοῖν
1199 3163 1260 3215 τοῦ
1279 3150 1428 3240 σοέματος
1447 3153 1504 3217 ad·

475 3266 537 3319 τοῦ
560 3260 660 3340 μελῶν
685 3259 740 3320 καὶ
771 3267 869 3343 μερῶν
898 3253 939 3318 τέ
973 3266 1123 3343 προςῆκον
1155 3265 1279 3342 καμπῆς
1319 3281 1350 3320 τε
1381 3258 1436 3320 καὶ
1459 3259 1504 3320 έκ-

475 3354 597 3434 τιέσεως
626 3362 679 3422 καὶ
711 3358 939 3445 ἀποδιδομένης
961 3355 1105 3434 ἑκάστοις
1126 3359 1238 3434 αὐτοῖς
1260 3358 1377 3423 αὐτῶν.
1394 3357 1505 3441 ev‘pts-

472 3485 532 3545 μοο
555 3457 698 3538 κινήσεως
715 3461 968 3547 διασπειρομένης
987 3453 1055 3546 ἅμα
1076 3463 1129 3524 καὶ
1148 3459 1442 3538 ξονακολουθοέσης
1463 3466 1505 3538 εἰς

474 3561 589 3626 πᾶσαν
615 3562 674 3640 τὴν
697 3559 824 3651 ὄρχησιν
852 3569 974 3641 ἱκανοῖς.
1032 3563 1117 3628 Vere
1136 3563 1249 3628 Herm,
1282 3564 1507 3630 animadvertit

315 3700 318 3707 ·
399 3733 401 3737 ,
475 3664 617 3730 medium
651 3666 870 3732 ἀποδίδοσθαι
905 3666 991 3755 apud
1027 3665 1129 3732 bonos
1167 3666 1296 3754 quidem
1334 3667 1506 3754 scriptores

474 3767 727 3856 nunquam'non
747 3793 876 3836 sensum
898 3768 1109 3836 venundandi
1132 3768 1260 3834 habere.
1305 3767 1378 3848 Qua
1398 3769 1516 3834 obser‘

474 3870 605 3936 vatione
637 3872 797 3955 induem,
835 3873 973 3938 correxit
1006 3867 1241 3949 οἷποδέδουσα,
1280 3873 1331 3934 καὶ
1346 3885 1354 3944 J
1364 3871 1505 3942 excluso.

473 3969 541 4035 Sed
562 3972 661 4038 multo
684 3977 841 4060 aptiorem
862 3974 1023 4040 medelam
1045 3972 1287 4060 facilioremque
1311 3975 1507 4040 correctione

387 4124 389 4129 ,
474 4071 655 4138 Hermanni
677 4075 791 4140 adesse
814 4084 903 4162 puto,
941 4075 1208 4140 exclusionem
1239 4075 1324 4142 illius
1345 4075 1506 4142 vocabuli.

473 4173 534 4239 Est
554 4175 633 4241 nihil
665 4179 727 4242 nisi
750 4176 859 4263 glossa
890 4177 933 4243 ad
966 4179 1231 4263 διασπειρομένης,
1268 4180 1319 4243 oui
1347 4178 1506 4245 vocabulo

474 4299 548 4341 cum
569 4278 755 4346 insolentius
776 4292 870 4364 esset,
896 4280 1109 4368 explicatione
1129 4303 1212 4367 opus
1236 4304 1305 4346 esse
1324 4281 1507 4366 videbatur;

474 4382 528 4451 καὶ
549 4390 666 4464 autem,
692 4382 779 4469 quod
801 4382 974 4470 praeeedit,
1006 4384 1089 4448 inter
1111 4383 1240 4449 vincula
1260 4383 1318 4450 illa
1339 4406 1509 4450 numeran-

470 4482 559 4565 dum,
600 4482 718 4570 quibus
750 4509 850 4573 supra
872 4495 917 4572 (p.
936 4479 990 4563 82)
1016 4487 1086 4572 jam
1111 4485 1250 4551 vidimus
1281 4486 1359 4552 talio
1388 4486 1509 4572 glosse

469 4594 556 4650 mate
587 4587 736 4672 genuinis
758 4588 886 4675 alligari
909 4587 1035 4657 solere·
1080 4585 1312 4672 Corrigendum
1338 4597 1509 4678 praeterea
