3567 5500
879 770 1057 887 ‚aa

472 965 599 1029 numeri
630 963 779 1050 poeticen
811 960 967 1028 redolent.
1025 961 1107 1027 Nam
1140 983 1199 1048 pro
1232 969 1383 1046 χρῆσθαν
1404 960 1502 1029 modo

472 1064 645 1131 substituas
675 1064 782 1148 λέγειν,
820 1063 936 1151 plenus
962 1063 1130 1151 apparebit
1162 1066 1304 1129 trimeter
1323 1063 1501 1153 jambicus:

474 1162 511 1228 οὗ
532 1166 586 1250 μὲν
604 1168 728 1255 βραχεῖς
746 1166 864 1243 ἀρκώσι
887 1164 928 1251 μὴ
948 1171 1083 1253 πολλοῖς
1103 1165 1168 1247 (vel
1194 1165 1368 1249 πολλοῦςῖ)
1391 1166 1501 1249 λέγειν.

472 1266 572 1352 Apud
610 1269 748 1334 eundem
784 1268 896 1355 paullo
931 1278 1004 1355 post
1035 1267 1094 1332 IV.
1123 1263 1225 1351 18,'2
1261 1267 1432 1355 σωφρόνων
1466 1268 1502 1331 δὲ

471 1365 593 1455 ἄνδρων
616 1368 750 1448 οἵτινες
779 1368 917 1454 ταγαθοὶ
947 1372 975 1447 ἐς
1002 1370 1180 1456 ἀμφίβολον
1204 1366 1358 1456 ἀσφαλῶς
1383 1376 1501 1434 ἔθεντο

470 1469 531 1535 τὸν
552 1497 588 1535 τε
619 1470 761 1558 πόλεμον
788 1474 961 1558 νομίσωσι
983 1470 1022 1558 μὴ
1045 1469 1117 1535 καθ’
1152 1465 1228 1535 ὅσον
1252 1468 1293 1537 ἄν
1322 1498 1370 1550 τις
1395 1472 1502 1535 αὐτοῦ

470 1573 559 1660 μέρος
581 1572 734 1658 βούληται
754 1575 975 1660 μεταχειρίζειν
996 1573 1105 1658 τούτῳ
1126 1574 1270 1657 ξυνεῖναι,
1306 1574 1376 1638 ἀλλ’
1400 1575 1437 1651 ὠς
1457 1568 1501 1637 clv

471 1682 505 1739 αἱ
525 1676 623 1761 τύχαι
645 1676 755 1740 αὐτῶν
777 1673 964 1759 ἡγήσονται,
993 1676 1050 1741 ubi
1074 1686 1195 1758 tamen,
1233 1676 1319 1764 quod
1334 1698 1500 1742 memora-

470 1778 534 1843 bile
559 1788 617 1860 est,
643 1777 818 1843 scholiasta
840 1778 918 1843 dicit
940 1776 1007 1841 ἀπὸ
1031 1772 1137 1842 κοινοῦ
1158 1776 1198 1841 τὰ
1221 1779 1359 1855 οἵτινες
1381 1772 1433 1842 οἲν.
1456 1817 1499 1828 -

467 1870 695 1968 Xenophontis
717 1880 836 1945 deinde
865 1890 998 1969 propter
1020 1880 1166 1946 codicum
1198 1885 1437 1968 corruptionem
1461 1882 1497 1945 in

470 1982 588 2048 talibus
608 1984 828 2048 auctoritatem
856 1982 982 2048 nullam
1005 2004 1074 2049 esse
1097 1992 1237 2071 constat3
1273 1984 1497 2049 decretorum

469 2108 531 2151 usu
558 2086 635 2152 vide
653 2084 808 2151 Schaefcr
838 2084 881 2149 ad
902 2086 995 2151 Deru.
1020 2084 1076 2150 IV.
1099 2080 1161 2151 193
1175 2086 1205 2163 *l
1237 2096 1269 2150 et
1292 2087 1377 2151 Alcen
1399 2086 1497 2150 Lelrra

469 2213 534 2254 vern
561 2190 690 2275 Tempus
712 2188 775 2251 uod
796 2187 909 2253 Modus
931 2192 974 2252 im
997 2181 1202 2254 (idenditatem
1224 2185 1258 2276 ξ.
1282 2182 1355 2254 202.

553 2289 761 2355 Hermannus
795 2288 836 2353 de
871 2297 956 2375 part..
978 2283 1031 2374 ἄν,
1069 2310 1178 2374 opusc.
1202 2288 1258 2353 IV.
1289 2304 1321 2376 p.
1345 2286 1416 2371 118,
1452 2313 1495 2355 ex

468 2392 610 2479 Epicuro
630 2412 758 2478 quoque
779 2390 872 2454 affert
894 2390 1000 2454 locum
1021 2396 1083 2476 (ep.
1109 2391 1151 2454 ad
1171 2389 1318 2478 Pythocl.
1341 2388 1381 2458 31
1405 2415 1437 2480 p.
1452 2389 1493 2459 41

470 2493 520 2559 ed.
542 2490 727 2576 Schneld.),.
755 2492 811 2557 ubi
834 2491 934 2557 verba
958 2500 1034 2557 sunt
1066 2486 1147 2568 ἅλως
1178 2496 1248 2579 περὶ
1275 2491 1335 2569 τὴν
1366 2494 1497 2569 σελήνην

469 2599 590 2680 γίνεται
611 2596 665 2658 καὶ
680 2598 771 2680 παρὰ
784 2590 882 2681 πυρός
896 2593 1064 2657 πάντοθεν
1077 2596 1325 2683 προςφερομένοο
1345 2594 1423 2683 πρὸς
1436 2594 1492 2670 τήν

472 2697 613 2778 σελήνην,
637 2700 692 2762 καὶ
711 2696 755 2761 τὰ
772 2696 828 2761 ἀπ’
844 2696 942 2773 αὐτῆς
963 2692 1185 2785 ἀποφερόμενα
1208 2696 1352 2786 ῥεύματα
1373 2700 1493 2786 ὁμαλῶς

470 2800 729 2877 ἀναστέλλοντος
742 2803 794 2862 ἐπὶ
809 2810 983 2880 τοσοῦτον,
1002 2799 1047 2885 ἐφ’
1062 2794 1140 2864 ὅσον
1154 2801 1254 2886 κύκλῳ
1269 2801 1442 2888 περιστήσῃ
1454 2801 1495 2865 τὰ

469 2905 620 2990 νεφοειδὲς
647 2913 748 2966 τοῦτο
772 2904 826 2964 καὶ
847 2899 888 2987 μὴ
912 2899 954 2964 τὸ
977 2901 1136 2987 παράπαν
1157 2903 1307 2989 διακρίνῃ,
1345 2927 1428 2991 quae
1460 2913 1496 2969 ut

470 3009 595 3093 integra
622 3007 686 3069 sint
713 3007 748 3068 in
770 3003 863 3069 codd.
887 3003 1080 3086 (Schneider
1101 2996 1142 3067 dv
1166 3006 1303 3091 inserit),
1341 3029 1407 3071 non
1431 3028 1497 3072 ma-

469 3110 525 3194 gni
548 3118 656 3174 tamen
686 3106 827 3188 fecerim,
863 3107 955 3171 utin
983 3108 1137 3192 scriptore
1159 3129 1220 3171 nec
1249 3106 1354 3173 bonae
1383 3111 1495 3174 aetatis

469 3233 529 3275 nec
552 3211 688 3274 eximiae
712 3208 910 3295 diligentiae.

553 3312 676 3378 Verum
697 3311 916 3392 Hermannus,
953 3312 986 3374 in
1007 3310 1113 3395 fallor,
1149 3334 1215 3376 non
1238 3323 1370 3400 propter
1390 3322 1497 3378 aucto-

468 3418 595 3480 ritatem
611 3415 776 3500 scriptoris
797 3414 858 3477 hoc
874 3412 1062 3499 exemplum
1078 3413 1179 3497 affert,
1208 3415 1264 3480 sed
1288 3415 1350 3479 hac
1370 3417 1497 3501 potissi-

469 3526 557 3583 mum
570 3516 611 3581 dc
624 3538 733 3598 causa,
756 3514 842 3602 quod
854 3516 955 3601 ipsius
970 3515 1147 3581 doctrinam
1164 3517 1203 3581 de
1216 3517 1352 3582 duarum
1367 3516 1496 3581 illarum

469 3619 742 3685 constructionum
766 3616 947 3682 differentia
967 3618 1177 3705 comprobare
1207 3631 1238 3684 et
1271 3619 1431 3684 illustrare
1451 3621 1498 3684 'vi-

468 3722 571 3790 detur.
616 3720 724 3802 Quum
740 3722 825 3785 enim
852 3719 892 3783 ab
914 3722 1005 3786 initio
1029 3721 1091 3785 hoc
1112 3723 1196 3787 inter
1210 3716 1243 3798 ὅς
1257 3716 1298 3786 ἂν
1313 3744 1339 3790 c.
1353 3715 1446 3809 Conj.
1464 3731 1497 3786 ct

469 3817 501 3900 ὅς
516 3845 542 3894 ο,
556 3822 649 3911 Oonj.
664 3825 820 3888 interesse
844 3825 1017 3904 statuisset,
1041 3817 1073 3900 ὅς
1088 3818 1132 3886 ἂν
1143 3825 1327 3908 significare
1354 3823 1388 3888 id
1410 3824 1497 3912 quod

369 3978 373 3986 .
468 3927 662 4013 quicunque,
697 3918 729 4000 ὅς
751 3935 860 3989 autem
882 3946 909 3992 c.
931 3925 1024 4013 Oonj.
1046 3925 1133 4007 sole,
1149 3925 1237 4014 quod
1261 3929 1293 3991 is
1315 3928 1399 4014 ipse
1422 3928 1497 4012 qui,

469 4028 523 4093 ille
546 4027 679 4112 Epicuri
701 4026 802 4107 locus,
828 4049 926 4112 quam
949 4030 1091 4092 maxime
1115 4036 1314 4115 opportunus
1334 4031 1364 4092 ei
1388 4050 1499 4093 occur·

469 4131 520 4210 rit,
544 4129 665 4215 quippe
687 4149 761 4215 quo,
786 4129 873 4215 quod
891 4123 1061 4212 antecedit,
1083 4139 1247 4195 τοσοῦτον
1268 4131 1309 4196 de
1330 4129 1499 4195 indefinita

537 4457 562 4524 Ι1)
597 4455 676 4508 docet
697 4467 729 4506 eo
749 4455 808 4505 loeo
828 4455 954 4506 similis
975 4455 1031 4519 ojus
1053 4457 1175 4522 generis,
1210 4470 1260 4520 quo
1280 4457 1308 4505 in
1325 4455 1429 4522 legibus
1449 4470 1497 4522 pu·

469 4543 510 4595 usi
523 4541 601 4594 blicis
613 4545 706 4604 essent,
727 4543 835 4609 propria
851 4539 938 4604 tuisse,
961 4543 1080 4608 exempla
1097 4558 1150 4594 non
1168 4543 1227 4608 plns
1240 4541 1291 4592 duo
1308 4541 1498 4594 subministret.
