3567 5500
920 742 964 820 94

421 950 491 1017 τοῖς
511 939 683 1017 ξοσσιτίοις
705 938 905 1025 εὐωχηθέντα
926 942 1035 1003 καλεῖν
1055 935 1132 1016 τούς
1153 965 1190 1004 τε
1210 934 1326 1019 ἄλλους
1346 938 1448 1023 θεοὺς,

420 1043 475 1106 καὶ
493 1039 531 1117 δὴ
552 1044 607 1108 καὶ
626 1038 783 1107 Διόνυσον
803 1046 1004 1127 παρακαλεῖν
1026 1046 1066 1117 εἰς
1087 1039 1147 1116 τὴν
1173 1052 1239 1106 τῶν
1262 1047 1449 1129 πρεσβυτῶν

420 1142 552 1219 τελετὴν
574 1138 643 1229 ἅμα
669 1147 724 1206 καὶ
745 1141 890 1221 παιδιάν,
927 1136 961 1219 ἣν
990 1156 1060 1219 τοῖς
1081 1142 1262 1230 ἀνθρώποις
1286 1146 1449 1231 ἐπίκουρον

366 1292 370 1297 -
421 1257 477 1322 τῆς
497 1255 558 1309 τοῦ
580 1242 676 1331 γήρως
703 1244 945 1331 αὐστηρότητος
970 1242 1151 1330 ἐδωρήσατο
1174 1242 1235 1309 τᾶν
1257 1246 1347 1310 οἶνον
1369 1243 1448 1333 φοίρ-

421 1372 534 1433 μανον,
557 1344 633 1411 ὥστ’
648 1346 771 1431 ἀνηβᾶν
792 1348 939 1433 ἡμᾶςκαὶ
961 1348 1138 1432 δυσθυμίας
1156 1344 1255 1423 tribou
1275 1349 1448 1430 γίγνεσθαι.

420 1451 512 1515 Haec
533 1450 723 1536 praescribit
743 1449 971 1536 philosophus:
1005 1444 1070 1529 Qui
1091 1448 1133 1513 ad
1156 1449 1371 1536 quadraginta
1394 1472 1449 1514 an-

420 1574 536 1617 norum
554 1561 692 1619 aetatem
713 1553 855 1639 provecti
870 1553 943 1635 sint,
965 1553 998 1617 in
1013 1552 1169 1616 conviviis
1192 1553 1257 1617 suis
1279 1573 1353 1615 cum
1368 1551 1448 1616 alios

421 1653 498 1719 deos
520 1664 587 1718 turn
606 1654 791 1741 Dionysum
812 1653 930 1719 debere
953 1644 1122 1735 advocar'e,
1156 1662 1192 1717 ut
1213 1655 1281 1740 ejus
1303 1654 1356 1719 dei
1378 1676 1449 1718 san-

420 1757 528 1821 ctitate
559 1756 654 1821 simul
688 1766 719 1821 et
750 1756 911 1821 hilaritate
944 1755 1099 1837 fruantur,
1138 1778 1234 1842 quarn
1262 1755 1347 1821 dono
1378 1778 1447 1837 suo,

420 1857 610 1923 mortalibus
643 1859 806 1923 tristitiam
838 1859 1009 1923 senectutis
1044 1857 1179 1938 levanti,
1223 1857 1378 1943 largiatur
1410 1880 1449 1921 ac

421 1959 546 2025 fundat
589 1960 649 2025 Est
678 1958 812 2046 pulchra
841 1982 918 2025 sane
942 1961 1100 2027 sententia
1121 1968 1153 2024 et
1175 1957 1309 2024 elatiore
1339 1961 1447 2024 animo

420 2064 577 2149 exposita.
633 2060 698 2131 Sed
719 2061 803 2145 vide,
844 2061 991 2149 nequid
1019 2060 1188 2126 adulterini
1211 2063 1244 2125 in
1265 2060 1372 2127 verbis
1394 2060 1446 2125 de·

420 2163 548 2229 lituerit.
592 2164 713 2230 Vinum
743 2165 887 2251 appellat
916 2165 1126 2228 initiationem
1150 2172 1181 2227 et
1204 2164 1310 2227 lusum
1340 2173 1447 2247 auget-

421 2289 484 2354 que
505 2266 635 2331 laudem
657 2268 691 2331 in
715 2266 879 2331 enuntiato
893 2266 1053 2333 relativo.
1112 2266 1151 2329 In
1179 2287 1243 2351 quc
1267 2265 1295 2329 si
1317 2274 1381 2329 tres
1404 2266 1448 2328 vi·

420 2369 533 2433 demus
556 2360 811 2442 accusativos‘r‘iv
832 2377 864 2431 et
885 2360 946 2431 τὸν
969 2368 1057 2431 οἶνον
1079 2376 1110 2431 et
1135 2368 1298 2454 ἐπίκουρον
1320 2363 1446 2453 φάρμα-

419 2496 485 2547 κον,
523 2472 694 2557 quaeritur,
730 2491 795 2556 qua
815 2470 939 2534 ratione
959 2470 1042 2535 inter
1063 2491 1097 2532 se
1126 2471 1190 2533 siut
1219 2468 1446 2555 conjungendi.

328 2608 333 2615 ·
420 2573 536 2660 Atque,
578 2574 731 2658 quoniam
758 2570 816 2637 illa
838 2568 950 2646 τελετη
980 2580 1011 2635 et
1034 2568 1149 2634 παιδιαὶ
1183 2570 1224 2635 de
1256 2572 1333 2636 vino
1363 2570 1448 2635 dicta

322 2755 326 2763 Ι
420 2697 490 2739 esse
510 2682 762 2741 consentaneum
783 2681 840 2756 est,
864 2675 1010 2760 protinus
1034 2672 1069 2737 id
1091 2675 1237 2756 occurrit,
1268 2670 1328 2736 τὸν
1348 2662 1455 2749 οἶνον)

420 2776 509 2864 quod
530 2777 684 2862 sequitur,
722 2775 946 2863 explicationis
976 2797 1073 2841 causa
1105 2776 1163 2840 sub
1196 2776 1293 2842 finem
1322 2775 1448 2842 relativi

322 2912 326 2921 ν
353 2871 358 2880 “
420 2881 576 2944 enuntiati
597 2880 736 2965 positum
759 2869 838 2961 esse,
874 2879 963 2965 quod
991 2899 1092 2962 genus
1122 2899 1337 2964 epexegeseos
1368 2877 1447 2943 rela-

418 2984 485 3047 tivo
518 2981 648 3046 additae
680 3003 740 3046 nec
772 2982 903 3046 omnino
934 3001 1044 3045 rarum
1079 3002 1150 3046 esse
1178 3003 1238 3046 nec
1260 3003 1280 3045 a
1300 2979 1444 3045 Platonis

418 3107 480 3150 usu
502 3082 887 3169 alienum'compluribus
916 3082 1074 3169 exemplis
1096 3082 1189 3148 docet
1206 3079 1374 3149 Heindorf.
1400 3079 1442 3144 ad

419 3187 519 3272 Gorg.
539 3183 634 3253 483A
656 3184 769 3266 (addas
791 3207 876 3272 resp.
889 3180 1006 3268 399Ε),
1031 3185 1147 3272 quibus
1173 3184 1319 3249 conferas
1349 3184 1443 3248 etiam

418 3312 512 3355 usum
532 3289 685 3370 Platonis,
709 3310 772 3374 quo
795 3310 843 3368 ea,
867 3309 952 3373 quae
974 3309 1047 3350 cum
1066 3287 1103 3362 ὠς
1122 3285 1280 3374 particula
1301 3287 1335 3349 in
1358 3307 1443 3350 com·

417 3393 617 3478 parationem
635 3388 781 3471 advocat,
815 3389 1026 3472 substantivo,
1050 3387 1137 3475 quod
1156 3387 1352 3472 imaginibus
1373 3387 1444 3452 illu·

417 3502 496 3558 strat
527 3492 732 3579 praemittere
763 3490 844 3556 solet
871 3492 924 3571 (cf.
947 3489 1079 3578 Sauppe
1103 3489 1145 3554 ad
1165 3490 1293 3575 Protag:
1316 3484 1379 3555 337
1391 3489 1443 3571 Ε).

418 3593 567 3660 Ceterum
596 3594 666 3682 jam
698 3602 821 3659 veteres
852 3595 1054 3679 grammatici
1088 3594 1172 3658 hanc
1203 3595 1236 3657 in
1270 3592 1442 3657 enuntiatis

416 3697 557 3762 relativis
579 3695 842 3762 consuetudinem
862 3695 1079 3762 observabant
1099 3705 1131 3760 et
1150 3694 1375 3760 describebant
1390 3694 1442 3775 (cf.

416 3798 588 3864 Scholiast.
611 3798 654 3864 ad
676 3798 828 3886 Sophocl.
850 3799 961 3882 Antig.
985 3793 1074 3879 3043
1111 3819 1207 3885 quem
1227 3797 1396 3864 Heindorf.
1420 3796 1441 3861 l.

415 3901 446 3966 d.
468 3902 592 3980 affert).
626 3939 670 3948 -
706 3902 814 3987 Atque
838 3902 918 3964 haec
941 3922 1000 3986 per
1022 3921 1056 3964 se
1085 3899 1215 3987 quidem
1244 3908 1317 3966 sunt
1339 3899 1443 3985 proba

415 4012 446 4068 et
467 4002 574 4090 plana.
624 4002 689 4067 Sed
716 4024 796 4066 num
817 4001 860 4066 ad
890 4002 975 4066 hunc
996 4000 1101 4066 locum
1133 4001 1369 4087 expediendum
1390 4023 1442 4066 va-

414 4106 510 4189 leant,
540 4127 738 4192 magnopere
762 4103 885 4169 dubito.
928 4103 1133 4168 Manifestum
1155 4107 1241 4170 enim
1266 4112 1322 4183 est,
1355 4104 1440 4170 illius

414 4210 641 4274 construtionis
662 4209 740 4288 vim,
767 4208 793 4270 si
811 4205 921 4292 aliqua
942 4215 1000 4287 est,
1025 4206 1059 4268 in
1081 4227 1120 4270 eo
1144 4207 1237 4271 sitam
1257 4228 1327 4271 esse
1350 4227 1441 4292 opor-

413 4321 490 4393 tere,
529 4321 575 4393 ut,
614 4332 698 4397 quae
719 4331 779 4396 per
809 4307 981 4373 relativum
1014 4307 1158 4374 nondum
1188 4310 1262 4374 satis
1292 4308 1440 4374 distincte

414 4413 594 4498 significata
615 4416 688 4495 sint,
715 4413 845 4478 nomine
865 4412 936 4498 ipso
959 4410 1069 4497 paullo
1090 4421 1164 4498 post
1185 4410 1275 4476 illato
1298 4410 1440 4476 indicen-

412 4526 474 4601 tur,
508 4515 653 4582 velutin
675 4515 734 4581 illo
756 4537 799 4580 ex
818 4536 886 4602 rep.
907 4508 1011 4599 583E,
1034 4512 1122 4602 quod
1143 4512 1314 4583 Heindorf.
1334 4511 1439 4579 affert:
