3567 5500
824 756 866 827 11

328 947 424 1035 plura
446 909 630 1029 notaverat,
667 968 775 1035 neque
795 957 906 1013 tamen
926 948 997 1035 pari
1016 946 1141 1035 ubique
1157 950 1243 1037 jure.
1285 950 1361 1016 Plu:

329 1052 412 1114 rima
432 1048 573 1136 denique
593 1049 802 1115 Hermannus
827 1051 1032 1135 sagacissime
1050 1050 1219 1135 ‘indagavit
1241 1051 1361 1136 glosse-

328 1161 423 1232 mata,
461 1151 578 1237 quibus
603 1150 735 1216 sublatis
755 1152 901 1217 Platonis
926 1151 1037 1216 verbis
1070 1154 1221 1240 antiquus
1244 1163 1275 1218 et
1304 1176 1359 1239 ge·

327 1254 445 1317 nuinus
478 1250 631 1339 splendor
660 1256 845 1319 restituitur.
902 1253 968 1319 Sed
991 1256 1139 1340 quamvis
1162 1256 1214 1319 vir
1246 1255 1358 1321 doctus

327 1356 492 1439 octoginta
521 1356 645 1419 circiter
676 1353 754 1419 locis
776 1356 995 1421 additamenta
1026 1377 1204 1440 agnoscere
1228 1356 1290 1421 sibi
1311 1358 1357 1421 11-

328 1478 383 1522 sus
404 1458 455 1538 sit,
489 1456 587 1544 idque
608 1458 643 1520 in
672 1455 834 1545 plerisque
864 1481 932 1523 non
959 1458 1086 1545 injuria,
1123 1480 1261 1546 quorum
1282 1457 1357 1545 plus

328 1582 424 1646 quam
445 1558 615 1622 dimidiam
635 1568 758 1645 partem
773 1562 842 1646 ipse
862 1562 985 1645 primus
1000 1561 1134 1643 notavit,
1154 1568 1262 1624 tamen
1277 1582 1357 1625 non-

327 1660 405 1725 dum
417 1660 459 1725 ab
480 1660 542 1724 hac
562 1682 663 1746 opera
683 1660 901 1726 desistendum
925 1669 983 1743 est,
1006 1683 1083 1725 nam
1104 1683 1179 1726 cum
1193 1662 1266 1742 alia,
1287 1670 1356 1725 tum

325 1762 429 1827 multa
458 1764 632 1826 etiamnum
652 1783 761 1849 neque
783 1760 868 1827 11111
901 1763 1108 1827 librariorum
1136 1748 1356 1847 additamenta

325 1864 525 1953 praeclarum
542 1864 687 1929 Platonis
709 1888 791 1951 opus
813 1864 1060 1932 commaculant.
1107 1864 1199 1946 Quae
1222 1886 1284 1952 quo
1307 1864 1356 1930 fa·

326 1968 419 2033 cilius
439 1967 679 2051 investigentur,
715 1978 812 2054 atque
834 1970 965 2033 omnino
993 1965 1077 2031 illud
1109 1989 1223 2051 genus,
1261 1965 1356 2054 quale

325 2072 359 2135 in
379 2070 488 2154 legum
515 2067 615 2133 libros
643 2071 816 2155 irrepserit,
850 2070 1071 2156 perspiciatur,
1106 2066 1185 2132 utile
1207 2070 1265 2133 crit
1285 2068 1356 2134 bre·
1434 2048 1452 2079 ²
1487 2104 1490 2111 ι

324 2174 408 2237 viter
427 2169 656 2251 additamenta,
679 2192 762 2257 qnae
782 2171 825 2235 ab
843 2170 913 2235 aliis
930 2173 1001 2257 jam
1021 2173 1152 2236 inventa
1175 2180 1259 2253 sunt,
1282 2192 1355 2257 per·

211 2358 215 2364 .
325 2275 462 2339 lustrare
492 2282 524 2336 et
545 2273 630 2335 inter
658 2294 692 2336 se
724 2294 922 2359 comparare.
977 2273 1017 2337 In
1038 2295 1102 2361 quo
1125 2274 1255 2358 negotio
1278 2281 1353 2337 ante
1456 2294 1459 2299 ¹

325 2377 433 2467 onmia
464 2372 642 2438 cavendum
664 2376 734 2453 erit,
770 2398 812 2441 ne
841 2375 905 2440 duo
935 2396 1056 2461 genera
1079 2376 1353 2441 commisceamus.

325 2477 626 2542 Additamentcrum
649 2480 735 2542 enim
755 2501 831 2565 pars
852 2478 981 2565 quidem
1001 2478 1196 2563 glossemata
1217 2487 1293 2543 sunt
1312 2476 1355 2542 de

326 2578 483 2645 industria
500 2600 522 2643 1
540 2578 646 2645 scriba
666 2578 720 2644 vel
742 2584 952 2664 grammatico
974 2580 1082 2667 aliquo
1105 2579 1245 2664 adjecta,
1277 2600 1354 2665 pars

328 2692 434 2747 antem
454 2702 533 2745 casu
560 2690 630 2747 orta
662 2691 739 2746 sunt
768 2684 836 2747 sive
868 2682 1053 2769 adscriptae
1083 2681 1229 2746 lectionis
1258 2680 1356 2745 in'tro·

330 2783 487 2867 ductione,
508 2807 605 2871 quam
623 2786 860 2870 διττογραφίαν
882 2783 1003 2867 dieunt,
1024 2785 1093 2848 sive
1113 2783 1279 2848 literarum
1301 2781 1355 2847 111

327 2885 555 2952 vocabulorum
574 2888 756 2968 iteratione;
784 2909 823 2950 ac
845 2895 937 2973 patet
956 2885 1034 2951 talia
1052 2885 1202 2951 facillime
1222 2887 1256 2951 in
1280 2907 1354 2972 par·

325 2987 408 3053 vulis
425 2987 594 3053 vocabulis
607 2988 753 3070 articulo,
775 2987 955 3074 particulis,
977 2988 1134 3054 similibus
1151 3011 1214 3053 usu
1233 2986 1357 3052 111111.

409 3090 483 3155 1111
505 3093 604 3176 igitur
634 3111 737 3175 genus
768 3093 912 3177 primum
934 3111 1100 3156 secernam
1124 3100 1156 3156 et
1184 3109 1356 3176 perversae

264 3209 276 3222 ·
324 3194 520 3280 repetitionis
541 3192 693 3279 exempla
713 3193 857 3258 afferam.

272 3369 275 3374 ,
383 3363 387 3367 ,
408 3294 571 3381 Imprimis
589 3295 751 3382 particula
771 3299 798 3357 11
817 3294 1037 3381 compluribus
1056 3293 1134 3358 locis
1153 3315 1212 3380 per
1230 3313 1356 3359 errores

324 3398 527 3465 librariorum
561 3396 803 3485 litterarumque
836 3397 1060 3463 similitudines
1082 3395 1226 3462 Platonis
1254 3393 1355 3460 verba

324 3503 471 3587 ingressa
497 3521 566 3564 non
588 3499 703 3565 leviter
733 3500 886 3566 turbavit
940 3499 1041 3564 Modo
1064 3500 1200 3584 aspicias
1222 3519 1355 3585 quaeso,

325 3623 406 3692 quos
444 3625 477 3690 p.
510 3598 554 3669 12
585 3625 628 3668 ex
660 3603 821 3668 Vossiano
852 3613 885 3667 et
917 3623 950 3689 p.
977 3597 1022 3666 24
1067 3621 1110 3664 ex
1143 3599 1353 3666 deterioribus

324 3700 411 3786 (434,
432 3703 474 3771 17
495 3715 529 3770 et
547 3701 623 3788 313,
646 3702 701 3785 14)
720 3704 818 3793 hujus
839 3705 887 3769 rei
908 3713 1006 3768 testes
1025 3701 1203 3766 'attulimus
1247 3700 1355 3789 Atque

325 3806 460 3872 similem
481 3808 638 3894 originem
658 3808 779 3873 habere
799 3805 929 3872 ridetur
948 3799 975 3868 ἐἰ
988 3801 1079 3885 illud,
1105 3801 1193 3890 quod
1213 3825 1246 3890 p.
1259 3797 1355 3869 905A

324 3911 359 3974 in
377 3910 538 3975 ‘omnibns
567 3909 660 3976 codd.
687 3909 843 3976 habetur:
878 3904 1002 3982 ταύτης
1022 3914 1079 3981 τῆς
1097 3905 1185 3981 δίκης
1212 3902 1288 3976 cisa
1310 3903 1358 3968 uel

324 4010 365 4098 μή
402 4033 486 4076 ποτε
528 4009 604 4076 οὔτε
639 4017 666 4076 εἰ
695 4011 794 4088 ἄλλος
830 4007 953 4096 ἀτυχὴς
991 4004 1152 4093 γενόμενος
1188 4005 1357 4086 ἐπεύξηται

324 4116 544 4199 περιγενέσθαι
564 4119 660 4192 θεῶν,
684 4118 760 4203 jure
782 4105 887 4200 igitur
905 4111 1079 4200 expulsum
1103 4121 1160 4177 est.
1204 4109 1356 4196 Denique

324 4211 417 4284 945ss
440 4219 475 4282 in
496 4217 604 4284 verbis
625 4214 667 4281 ἄν
687 4219 736 4293 τίς
757 4219 792 4280 τί
811 4241 857 4300 πῃ
878 4212 1007 4278 σκόλιον
1029 4210 1140 4278 αὐτῶν
1161 4213 1266 4298 πράξῃ
1287 4209 1356 4276 lilo-

324 4341 380 4385 rae
403 4343 429 4382 1
451 4340 560 4386 111111
587 4319 684 4384 simili
707 4328 781 4407 post
812 4343 848 4380 τι
879 4315 1060 4381 inculcatae
1087 4313 1143 4379 diu
1165 4315 1355 4399 interpretes

324 4421 581 4488 sollicitaverant
604 4422 696 4486 etad
717 4419 971 4486 violentissimas
1000 4419 1096 4484 totius
1117 4415 1179 4481 loci
1200 4415 1349 4481 11111111
