3567 5500
978 741 1000 814 2

479 956 520 1001 ex
541 933 667 1000 illerum
691 935 785 1022 eopia
806 933 984 1020 eligamus?
1005 935 1066 1019 An,
1083 934 1239 1023 quidquid
1257 936 1291 1000 in
1310 942 1449 1001 mentem
1463 934 1509 998 in-

479 1036 606 1120 ciderit,
629 1060 687 1104 suo
708 1036 812 1103 Marte
834 1039 972 1127 cuipiam
994 1060 1116 1125 ponere
1140 1036 1381 1126 permittamus?

567 1139 711 1220 Quorum
731 1149 880 1205 neutrum
903 1149 1037 1228 apparet
1057 1143 1252 1207 conveniens
1268 1163 1338 1207 esse
1351 1142 1426 1205 artis
1443 1139 1510 1225 dig·

480 1244 571 1308 nitati
591 1252 622 1308 et
642 1244 850 1309 constantiae.
894 1244 1016 1308 Verum
1038 1253 1086 1309 est
1107 1243 1193 1310 aliud
1216 1245 1369 1330 effugium
1389 1265 1430 1308 ex
1444 1251 1511 1307 tan-

480 1347 520 1410 tis
540 1346 711 1432 angustiis,
737 1345 832 1411 medo
856 1347 889 1410 in
912 1345 967 1410 illa
988 1347 1057 1429 via,
1085 1369 1181 1435 quam
1204 1355 1323 1412 rectam
1345 1368 1414 1412 csse
1436 1367 1509 1430 eog-

480 1448 646 1530 novimus,
695 1450 902 1535 persistamus
947 1471 1047 1536 eaque
1089 1448 1217 1534 longius
1258 1448 1508 1536 pregrediamur.

482 1550 590 1630 Quum
610 1552 695 1616 enim
719 1573 846 1615 omnem
868 1549 1005 1616 salutem
1025 1552 1059 1614 in
1081 1549 1247 1616 meliorum
1268 1551 1415 1617 codicum
1439 1549 1511 1614 sub-

481 1652 571 1718 sidiis
594 1654 687 1718 sitam
709 1675 779 1718 esse
800 1649 1031 1738 intelligamus,
1055 1655 1275 1742 consequitur,
1305 1665 1425 1718 utnon
1443 1661 1511 1716 tan-

480 1765 548 1820 tum
577 1755 611 1818 in
641 1753 745 1843 planis
774 1757 933 1843 rectisque
960 1777 1014 1821 eos
1043 1778 1228 1845 sequamur,
1267 1757 1324 1821 sed
1351 1757 1445 1820 etiam
1478 1755 1511 1817 in

430 1925 436 1935 f
481 1859 590 1943 pravis
622 1858 845 1945 corruptisque
873 1880 914 1922 ex
942 1856 1004 1922 illis
1033 1859 1225 1924 medicinam
1254 1867 1436 1946 repetamus
1470 1863 1510 1936 et,

481 1967 518 2024 ut
541 1961 574 2023 in
597 1959 766 2045 proverbio
789 1969 846 2041 est,
868 1982 910 2025 ex
933 1961 1016 2025 vitiis
1039 1961 1209 2027 discamus.

566 2060 725 2126 Vitiorum
748 2063 835 2128 enim
855 2073 969 2129 natura
989 2074 1158 2151 perspecta
1186 2073 1281 2152 atque
1310 2064 1434 2149 origine
1458 2051 1511 2126 ex·

482 2163 621 2250 plorata,
641 2164 711 2249 jam
732 2165 886 2230 eorrectio
912 2167 945 2230 in
963 2177 1075 2253 aperto
1097 2189 1136 2232 ac
1159 2165 1328 2253 propatulo
1350 2167 1418 2230 erit.
1463 2164 1512 2228 Ac

480 2265 587 2348 simul,
612 2264 698 2352 quod
714 2268 830 2330 summi
844 2277 891 2332 est
913 2270 1075 2351 momenti,
1096 2290 1178 2355 quae
1200 2269 1233 2332 in
1255 2270 1438 2333 universum
1460 2288 1511 2328 cu-

478 2369 598 2454 jusque
629 2368 759 2433 codicis·
782 2370 822 2434 sit
853 2372 1040 2454 auctoritas,
1075 2373 1243 2436 aestimare
1262 2369 1378 2436 licebit.
1421 2369 1512 2432 Haec

484 2478 591 2534 autem
613 2470 761 2537 vitiorum
783 2474 923 2558 cognitio
946 2483 978 2540 et
992 2473 1169 2540 aestimatio
1184 2473 1339 2553 codicum,
1362 2494 1426 2558 qua
1440 2493 1511 2556 pos-

483 2573 525 2637 sit
546 2573 670 2638 ratiene
692 2574 821 2660 patrari,
845 2597 910 2646 non
933 2574 1063 2640 difficile
1088 2585 1136 2640 est
1156 2573 1328 2642 intellectu.

570 2673 651 2740 Sunt
682 2675 767 2738 enim
799 2677 832 2742 in
866 2676 1009 2764 quolibet
1032 2677 1141 2744 codiee
1167 2679 1242 2742 satis
1271 2676 1384 2758 multa,
1418 2697 1510 2765 quae,

484 2779 629 2865 quamvis
643 2779 706 2843 sint
718 2778 903 2864 depravata,
916 2789 1033 2862 tamen,
1050 2781 1210 2869 quomodo
1226 2781 1349 2847 restitui
1362 2779 1510 2860 debcant,

482 2881 613 2947 minime
633 2880 789 2945 incertum
811 2883 859 2949 sit.
903 2882 1035 2948 Praesto
1057 2885 1141 2949 enim
1164 2885 1228 2949 duo
1250 2884 1424 2951 certissima
1440 2889 1513 2946 sunt

483 2984 552 3048 ¹ueri
575 2981 705 3048 indicia:
726 2970 871 3067 Lin'guae
889 2985 977 3069 leges
1000 2985 1310 3072 consuetudinesque
1329 2995 1360 3051 et
1383 2984 1512 3069 scripto·

484 3086 526 3150 ris
551 3086 717 3151 sententia.
761 3084 885 3165 Quibus
909 3109 951 3152 ex
979 3086 1129 3153 subsidiis
1160 3089 1187 3152 si
1216 3087 1294 3153 locis
1320 3083 1509 3174 quibusdam

484 3186 666 3254 emendatio
688 3188 868 3275 contigerit,
898 3199 1006 3255 minen
1027 3213 1094 3255 rem
1116 3200 1278 3278 peractam
1300 3211 1369 3255 esse
1393 3208 1511 3273 nequa-

484 3312 581 3375 quam
601 3289 695 3356 nobis
716 3292 995 3377 persuadebimus;
1017 3315 1130 3358 verum
1152 3293 1214 3359 illis
1230 3304 1393 3379 tamquam
1411 3289 1511 3353 firmis

482 3390 675 3457 fulcimentis
698 3396 761 3476 usi,
796 3393 928 3459 adrem
950 3396 1135 3461 universam
1160 3394 1390 3458 conficiendam
1416 3392 1511 3476 proti-

483 3517 544 3561 nus
568 3496 757 3561 annitemur.
1035 3502 1038 3511 ’

566 3596 759 3662 Mendorum
781 3600 866 3664 enim
889 3597 1017 3663 illorum
1040 3608 1154 3663 natura
1182 3607 1213 3662 et
1236 3597 1358 3682 origine
1380 3618 1510 3684 perspe·
1606 3648 1608 3653 .

483 3708 533 3765 cta
569 3722 682 3790 quum,
712 3702 745 3765 in
769 3724 924 3788 quasnam
954 3702 1094 3767 maxime
1115 3700 1361 3788 depravationes
1384 3698 1510 3765 codices

482 3802 598 3889 singuli
611 3801 804 3885 inclinarint,
824 3806 1078 3888 cognoverimus,
1093 3804 1251 3890 judicium
1272 3803 1346 3869 inde
1369 3802 1410 3867 de
1426 3802 1509 3887 ipso·

479 3926 551 3969 rum
573 3903 718 3969 codicum
742 3904 851 3969 indole
871 3916 904 3973 et
918 3917 1031 3972 natrna
1052 3907 1198 3987 feremus,
1223 3916 1264 3988 et,
1280 3907 1370 3992 cujus
1383 3904 1509 3989 generis

480 4005 637 4071 nonnulla
658 4008 850 4091 investigata
872 4010 937 4073 sint
958 4010 1046 4090 vitia,
1070 4010 1138 4095 ejus
1154 4010 1250 4073 etiam
1265 4009 1359 4096 plura
1372 4005 1509 4071 inveniri

475 4130 569 4196 posse
592 4110 752 4198 suspicati,
776 4112 933 4196 suspectis
958 4109 1138 4197 quibusque
1160 4110 1248 4193 locis,
1273 4118 1430 4198 quantum
1456 4129 1508 4171 co·

479 4211 585 4275 dicum
602 4212 778 4298 scripturae
800 4210 897 4276 tribui
918 4212 1047 4293 debeat,
1072 4223 1134 4279 aut
1149 4214 1225 4302 quid
1247 4213 1295 4279 illi
1321 4211 1509 4279 substituen-

479 4312 572 4397 dum,
595 4336 637 4378 ex
655 4314 772 4379 codicis
794 4313 952 4401 cujusque
974 4314 1155 4381 conditione
1179 4325 1210 4381 et
1229 4316 1415 4381 auctoritate
1438 4334 1507 4398 per-

478 4418 641 4502 cipiemus,
666 4416 865 4483 ,secundum
887 4419 1031 4504 ipsorum
1052 4418 1190 4506 denique
1213 4428 1360 4483 naturam
1383 4415 1508 4481 codices

475 4516 692 4583 tractabirnus.
736 4519 832 4585 Hanc
853 4522 951 4605 igitur
972 4522 1128 4587 rationem
1144 4524 1214 4609 jam
1238 4521 1352 4602 secuti,
1390 4519 1444 4605 qui
1475 4519 1509 4583 in
