3567 5500
818 710 862 781 87

326 899 663 993 Oenuptelaautem,
696 903 730 965 ni
754 904 884 987 egregie
912 901 1018 985 fallor,
1056 904 1184 970 avaria
1217 902 1354 969 lectione

324 992 395 1068 orta
408 1012 465 1085 est,
488 1025 573 1089 quae
595 1026 695 1089 quum
716 1006 900 1069 accusativo
922 1002 981 1078 τὴν
995 1002 1114 1088 βλάβην
1137 1007 1355 1091 superscripta,

323 1106 437 1169 fuisset
458 1104 518 1185 (ct
529 1127 628 1191 supra
641 1127 716 1191 pag.
728 1102 793 1187 47),
819 1108 853 1169 in
867 1105 1014 1170 ordinem
1026 1116 1165 1193 recepta,
1188 1106 1277 1193 quod
1298 1129 1354 1171 an-

324 1208 459 1287 tecessit,
482 1216 522 1290 τῇ
542 1204 631 1269 πόλει
653 1206 838 1293 expulerat3
871 1246 915 1257 —-
936 1231 967 1294 p.
989 1202 1082 1273 89OE
1104 1207 1184 1271 haec
1206 1209 1240 1271 in
1263 1207 1354 1273 libris

323 1306 488 1391 leguntur:
513 1307 693 1393 μεμνήμεθα
713 1310 824 1372 τοίνυν
842 1333 881 1391 γε
900 1318 1097 1371 τοσοῦτον
1115 1319 1180 1373 τῶν
1199 1305 1278 1371 τότε
1297 1316 1354 1373 ἔτι
1421 1322 1426 1326 ⁴

327 1418 441 1494 τοῦτο
464 1431 502 1490 γε
522 1403 574 1471 ὅτι
596 1420 662 1472 των
683 1408 817 1474 πάντων
837 1409 881 1473 τὰ
902 1411 957 1495 μὲν
981 1416 1148 1491 κινεῖσθαι,
1182 1408 1228 1473 τοὶ
1249 1411 1283 1473 δὲ
1304 1410 1352 1495 με’·

321 1534 383 1573 νειν
403 1515 527 1595 ἔθεμεν,
564 1513 598 1574 in
620 1512 737 1598 quibus
759 1510 923 1596 τοσοῦιον
945 1536 978 1595 γε
999 1514 1094 1577 varia
1111 1512 1205 1577 lectio
1228 1514 1352 1577 eratin

320 1635 423 1697 marg.
449 1613 611 1698 adscripta
642 1636 700 1699 pro
729 1624 831 1675 τοῦτο
852 1639 885 1697 γε
906 1615 946 1693 *),
1001 1613 1083 1678 Utra
1116 1623 1224 1679 autem
1255 1613 1350 1678 lectio

319 1713 534 1800 praeferenda
557 1717 608 1797 sit,
645 1715 752 1779 dicere
774 1704 852 1780 non‘
870 1718 983 1779 ausim.
1020 1755 1060 1771 ψ-
1095 1716 1197 1780 Porro
1219 1738 1262 1779 ex
1288 1715 1351 1781 hoc

319 1817 429 1880 varias
459 1816 614 1881 lectiones
647 1816 850 1882 adscribendi
883 1839 983 1899 more,
1022 1818 1057 1883 ni
1086 1818 1215 1902 egregie
1244 1816 1349 1898 fallor,
1454 1826 1456 1831 ’

319 1916 423 1984 lucem
455 1928 488 1983 et
517 1920 723 1985 securitatem
755 1920 845 1984 locus
873 1918 1015 1984 difficilis
1046 1919 1254 2005 adipiscetur‚'
1292 1920 1348 2004 qui

318 2018 524 2084 multifariam
552 2020 593 2085 ab
617 2021 801 2086 hominibus
824 2022 946 2086 criticis.
964 2030 1100 2086 vexatus
1126 2030 1182 2089 est.
1227 2020 1347 2099 Quam-

318 2145 416 2208 quam
427 2120 540 2186 Stallb.
559 2130 633 2207 post
655 2122 835 2207 longiorem
860 2124 1110 2210 disputationem
1133 2121 1193 2187 sibi
1215 2120 1347 2208 quidem

316 2226 487 2312 persuasit,
522 2246 595 2288 eum
619 2226 781 2311 integrum
803 2236 836 2290 et
857 2240 1030 2312 perranum
1053 2247 1132 2308 esse,
1158 2223 1216 2289 sed
1237 2222 1346 2287 dubito

317 2350 360 2392 an
388 2326 471 2391 aliis.
527 2325 661 2411 Legitur
685 2329 771 2392 enim
804 2330 839 2390 in
863 2328 956 2391 codd.
978 2323 1053 2410 (871
1065 2326 1124 2407 E):
1163 2326 1236 2389 ὁδὲ
1260 2331 1346 2406 (reus

316 2429 447 2515 aliquis)
470 2429 634 2514 παρεχέτω
656 2427 746 2504 τούς
766 2426 953 2512 ἐγγυητάς
980 2426 1192 2514 ἀξιόχρεως,
1228 2418 1281 2502 οὓς
1304 2418 1344 2489 ἄν

315 2528 422 2608 ἡτῶν
444 2533 515 2615 περὶ
546 2542 658 2593 ταῦτα
687 2534 847 2595 δικαστῶν
871 2530 952 2617 αρχῆ
985 2533 1068 2617 κρίνῃ
1097 2526 1198 2615 τρεῖς
1222 2531 1343 2611 ἐγγυη-

315 2632 384 2708 τοὶς
406 2631 608 2718 α’ξιόχρεως
628 2635 770 2718 παρέξειν
790 2634 995 2718 ἐγγυωμένους
1019 2637 1060 2708 εἰς
1080 2634 1178 2706 δίκην.
1224 2630 1339 2697 Stallb.

317 2714 425 2800 omnia
453 2749 585 2802 sanasse
606 2736 667 2801 sibi
697 2736 835 2818 videtur,
873 2744 1033 2811 commate
1063 2744 1154 2800 ante
1177 2732 1341 2818 ἀξιόχρεως

316 2819 479 2904 ιῖιιιιιίοιο.
523 2839 589 2904 Sed
612 2862 696 2926 quae
718 2842 780 2904 ista
801 2849 852 2904 est
876 2840 1049 2904 verborum
1071 2836 1238 2902 collocatio
1259 2832 1342 2910 aas·

313 2965 407 3025 χρεως
426 2934 477 3016 οὓς
499 2934 563 3005 clv?
607 2941 687 3020 Quis
701 2943 777 3026 jam
795 2941 879 3006 ferat
899 2941 982 3006 illud
1003 2952 1085 3026 τρεῖς
1104 2935 1255 3022 ἐγγυητάς
1277 2937 1341 3013 οἷξι·

313 3040 436 3128 όχριως,
465 3044 582 3127 exiguo
604 3046 707 3130 spatio
729 3053 802 3129 post
822 3045 856 3108 in
876 3045 1039 3110 enuntiato
1062 3039 1231 3136 principali
1252 3063 1342 3127 repe·

312 3147 416 3226 titum,
453 3147 543 3230 cujus
567 3145 814 3210 molestissimae
842 3147 1020 3210 iterationis
1046 3166 1088 3211 nc
1118 3144 1251 3208 minima
1273 3145 1341 3230 qui-

313 3245 388 3310 dem
416 3236 521 3333 potest
545 3247 681 3334 proferri
702 3250 875 3313 excusatio.
920 3248 1028 3333 Atque
1048 3245 1257 3313 Hermannus
1276 3269 1343 3310 me·

312 3349 373 3438 rito
397 3348 446 3412 bis
474 3348 564 3440 nullo
588 3359 683 3435 pacto
706 3347 782 3425 τοὺς
802 3348 954 3434 ἐγγυητάς
977 3350 1054 3414 ferri
1081 3371 1176 3435 posse
1208 3349 1340 3414 arbitra·
1410 3353 1413 3359 “

311 3459 364 3514 tus
385 3453 474 3536 prius
493 3450 576 3514 illud
597 3453 856 3538 circumscripsit.
901 3452 966 3516 Sed
989 3473 1112 3533 vereor,
1146 3461 1182 3516 ut
1206 3453 1251 3516 sic
1273 3474 1339 3517 om·

312 3553 368 3632 nia
382 3546 453 3638 jam
475 3553 559 3617 bene
588 3553 737 3618 habeant.
786 3555 884 3620 Varia
908 3556 995 3618 enim
1017 3546 1110 3618 lectio
1134 3555 1167 3619 in
1192 3555 1339 3621 ordinem

313 3664 442 3741 recepta
456 3656 482 3719 si
498 3655 740 3722 alterumutrum
754 3668 811 3740 est,
833 3658 892 3723 ubi
906 3657 1053 3744 primitus
1069 3651 1175 3720 locum
1190 3655 1341 3730 habuisse
1380 3735 1383 3739 ¹
1461 3651 1469 3662 ⁵

297 3755 403 3826 -illam
423 3779 536 3823 vocem
558 3757 703 3823 statuas?
746 3761 807 3841 Ibi,
839 3762 963 3846 opinor,
998 3757 1085 3824 unde
1109 3757 1236 3822 sustulit
1256 3757 1339 3824 Her·
1387 3753 1393 3758 ¹

311 3881 459 3927 mannus.
503 3861 588 3925 Nam
609 3861 840 3927 vocabulorum
859 3862 948 3942 ordo,
973 3883 1070 3947 quem
1090 3861 1141 3928 vir
1159 3859 1271 3925 doctus
1294 3861 1341 3925 in-

254 3988 256 3992 ’
312 3962 422 4043 stituit,
458 3985 526 4026 non
548 3962 644 4028 modo
669 3963 808 4049 simplici
831 3965 968 4028 orationi
988 3971 1157 4048 repugnat,
1197 3985 1262 4049 qua
1286 3960 1340 4029 ob·

294 4117 299 4126 ,
305 4065 429 4149 jectum
451 4065 558 4128 statim
580 4075 653 4151 post
671 4063 806 4130 verbum
827 4064 953 4130 finitum
974 4065 1138 4151 παρεχέτω
1161 4064 1268 4132 locum
1288 4065 1343 4130 ha·

320 4219 518 4231 --.-..--...

378 4318 403 4384 *)
439 4319 504 4370 Rem
527 4321 566 4371 ita
584 4319 691 4384 habere,
718 4317 960 4390 libentiusjcredet,
984 4319 1030 4386 qui
1051 4319 1251 4386 comparaverit,
1272 4335 1340 4385 quac

242 4477 248 4482 ι
310 4403 380 4469 apud
399 4405 495 4457 Euseb.
515 4421 604 4472 praep.
623 4408 675 4458 624
694 4423 749 4471 sqq.
767 4407 947 4457 inveniuntur.
995 4405 1021 4454 Is
1039 4405 1110 4454 enim
1130 4405 1217 4456 locum
1236 4407 1277 4456 sio
1294 4421 1338 4456 ex-

309 4489 399 4543 hibet:
427 4487 585 4561 μεμνήμεθα
604 4490 701 4544 τοίνυν
720 4495 810 4547 τοῦτο
831 4508 860 4561 γι
876 4493 1018 4545 τοσοῦτον
1035 4492 1094 4544 τῶν
1112 4487 1185 4544 τότε.
