3567 5500
859 862 861 865 Ι
946 752 989 826 38

452 944 693 1012 lium'locorum
718 955 871 1011 numerus
890 947 997 1011 afferri
1016 954 1148 1032 posset,
1170 947 1196 1011 si
1220 944 1381 1032 pleniores
1404 967 1481 1031 quo·

454 1071 516 1135 que
551 1047 622 1112 loco
659 1056 786 1134 praesto
822 1058 929 1113 essent
966 1047 1151 1114 collationes
1188 1057 1218 1112 et
1254 1049 1481 1116 enarrationes,
1528 1077 1532 1082 ·

409 1197 414 1205 -
452 1152 526 1216 Non
550 1150 636 1214 enim
664 1172 748 1236 quae
771 1172 860 1214 nunc
882 1149 1002 1236 passim
1036 1148 1235 1233 singulorum
1268 1147 1321 1212 vel
1346 1148 1482 1214 duorum

391 1312 395 1317 ,
452 1252 506 1319 vel
539 1252 636 1316 trium
670 1251 869 1316 differentiae
900 1275 920 1316 a
943 1250 1056 1315 codice
1079 1249 1238 1315 Vaticano
1272 1257 1304 1314 et
1333 1251 1481 1315 Parisino

453 1375 525 1418 csse
548 1352 704 1434 dicuntur,
733 1374 861 1439 semper
884 1351 1084 1437 singulorum
1105 1351 1158 1417 vel
1180 1347 1391 1438 complurium
1412 1373 1482 1418 essc

359 1462 368 1479 ⁸
453 1457 607 1541 suspicor,
630 1454 689 1519 sed
707 1477 942 1540 nonnunquam
960 1455 1111 1517 omnium.
1147 1454 1271 1535 Verum
1292 1463 1400 1518 tamen
1422 1454 1483 1518 hoc

452 1579 493 1622 ex
512 1558 561 1637 iis,
589 1579 673 1643 quae
686 1555 786 1638 attuli,
808 1553 968 1642 exemplis
985 1557 1055 1641 jam
1070 1554 1218 1638 elucebit,
1235 1554 1383 1642 aliquam
1398 1546 1491 1620 certe

451 1659 725 1744 propinquitatem
745 1658 828 1722 inter
850 1679 905 1722 eos
926 1677 1012 1738 esse,
1045 1657 1159 1722 clarius
1181 1679 1258 1721 vcro
1282 1656 1432 1738 eluceret,
1456 1659 1482 1721 si

453 1760 549 1823 etiam
570 1759 755 1824 communia
785 1758 915 1824 illorum
944 1760 1022 1824 vitia
1053 1760 1087 1822 in
1116 1780 1248 1823 censum
1276 1767 1481 1840 vocarentur;

452 1860 691 1946 namquehaec
712 1869 839 1925 tantum
861 1869 952 1926 erant
969 1883 1016 1944 aa,
1045 1862 1080 1924 in
1102 1859 1219 1946 quibus
1243 1869 1332 1925 recta
1350 1868 1382 1924 ct
1403 1883 1482 1925 sana

451 1961 603 2026 tenebant
638 1971 668 2026 et
697 1962 877 2028 servabant.
937 1961 1062 2042 Quodsi
1093 1963 1213 2050 pariter
1246 1963 1341 2026 etiam
1371 1983 1481 2026 eorum

453 2063 597 2128 locorum
631 2063 784 2128 habenda
816 2067 896 2130 ratio
927 2074 1019 2146 esset,
1059 2063 1099 2128 de
1132 2064 1249 2150 quibus
1283 2065 1482 2130 consentiunt

382 2181 386 2187 ·
452 2164 499 2228 illi
522 2164 661 2250 quidem,
698 2187 758 2230 nec
782 2175 890 2231 tamen
921 2168 955 2230 in
977 2188 1054 2232 vero
1077 2168 1292 2248 consentiunt,
1313 2163 1480 2230 ‘cumulari

367 2281 370 2290 ⁴
453 2265 541 2331 facili
570 2289 667 2352 opera
697 2278 830 2352 possent
851 2266 1003 2354 exempla
1023 2268 1065 2350 ²¹⁸).
1122 2265 1188 2332 Sed
1219 2287 1342 2349 vereor,
1367 2275 1416 2330 -ut
1439 2289 1480 2332 ex

452 2367 656 2434 multitudine
677 2367 813 2432 multum
836 2368 1005 2434 lucremur.
1048 2369 1132 2434 Nam
1152 2368 1353 2454 singulorum
1375 2370 1408 2432 in
1429 2390 1479 2432 co-

453 2468 559 2534 dicum
591 2472 778 2536 recensione
810 2493 909 2557 supra
942 2469 1138 2536 ostendimus
1171 2479 1219 2535 tot
1243 2480 1275 2535 et
1299 2480 1365 2534 tam
1389 2472 1482 2536 varia

453 2594 523 2639 esso
554 2594 674 2657 genera
700 2573 900 2655 mendorum,
940 2584 976 2639 ut
1008 2575 1151 2660 profecto
1179 2595 1245 2637 non
1272 2575 1388 2636 mirum
1412 2593 1479 2638 esse

452 2676 562 2761 possit,
600 2676 626 2739 si
647 2675 819 2758 interdum,
857 2676 1046 2763 praesertim
1068 2676 1102 2739 in
1131 2675 1326 2763 quibusdam
1349 2676 1478 2761 scriptu·

452 2798 507 2841 rae
529 2778 700 2859 erroribus,
723 2777 808 2843 idem
826 2779 982 2844 accidisse
1003 2779 1104 2843 visuri
1128 2780 1226 2841 simus
1249 2776 1414 2857 omnibus;
1441 2775 1481 2841 de

453 2881 624 2960 communi,
646 2881 810 2961 nimirum,
831 2883 957 2966 origine
972 2880 1047 2945 inde
1063 2879 1141 2943 nihil
1159 2886 1356 2967 sequeretur.
1390 2878 1481 2958 Quae

453 2989 559 3045 autem
582 2983 731 3065 graviora
759 2981 890 3045 suntid
913 3004 1026 3067 genus,
1065 3004 1103 3047 ea
1126 2982 1196 3067 jam
1219 3003 1326 3067 supra,
1363 2980 1481 3045 ubi-de

433 3084 692 3170 ¹propinquitate
715 3082 864 3148 Vaticani
886 3105 959 3147 cum
980 3084 1126 3149 Parisino
1149 3082 1316 3167 agebatur,
1348 3084 1383 3147 in
1406 3104 1481 3148 con·

451 3194 563 3271 spectu
584 3187 759 3272 posuimus.
846 3244 852 3259 ,

539 3286 604 3353 Sed
623 3288 703 3354 hacc
725 3289 834 3354 omnia
857 3311 956 3376 quum
977 3291 1021 3355 ita
1045 3290 1247 3376 exponimus,
1270 3309 1418 3353 veremur
1439 3311 1481 3353 ne

453 3392 592 3476 speciem
622 3412 766 3456 summae
796 3393 1026 3457 inconstantiae
1053 3391 1241 3473 habeamus,
1280 3392 1400 3478 quippe
1425 3390 1480 3478 qui

452 3514 550 3579 supra
570 3492 726 3579 exemplis
749 3497 1009 3582 argumentisque
1033 3494 1175 3559 codicem
1197 3498 1228 3555 n
1249 3512 1323 3557 cum
1345 3492 1480 3558 deterio-

452 3594 542 3661 ribus
563 3592 699 3660 classem
721 3595 855 3661 alteram
884 3620 954 3662 esse
975 3598 1154 3683 oppositam
1175 3595 1320 3659 Parisino
1343 3594 1481 3681 probare

451 3696 678 3779 studuerimus,
713 3697 829 3764 deinde
853 3714 960 3764 autem
983 3721 1083 3785 quum
1104 3698 1189 3780 alibi,
1227 3707 1295 3762 tum
1318 3692 1479 3763 hocloco

451 3807 575 3864 tantum
599 3798 773 3867 deteriores
795 3801 868 3866 illos
888 3803 973 3866 inter
993 3823 1027 3865 se
1052 3802 1235 3868 consociare
1258 3808 1288 3863 et
1318 3801 1479 3887 consocia

450 3910 501 3968 tos
522 3900 712 3967 melioribus
734 3909 763 3966 A
787 3912 818 3968 et
839 3909 869 3966 Ω
891 3926 1053 3991 opponere
1086 3901 1262 3967 videamur.
1323 3903 1365 3967 At
1393 3902 1480 3967 vide·

521 4174 545 4242 *)
580 4176 825 4229 commemoratione
845 4181 934 4227 tamen
953 4176 1034 4243 digna
1051 4181 1111 4229 sunt
1128 4177 1206 4227 talia:

553 4262 588 4314 11.
608 4264 668 4328 253,
686 4265 726 4314 14.
745 4260 769 4314 Ω
789 4258 904 4315 πάππου
921 4278 1112 4330 supersecuta
1135 4291 1167 4301 —
1189 4277 1208 4317 t.
1226 4257 1349 4314 πάππων.
1371 4260 1428 4313 cod.
1448 4276 1477 4312 c:
1524 4270 1526 4273 ·

451 4345 645 4402 παππούων.
722 4390 732 4400 ,.

554 4435 588 4485 Π.
608 4436 667 4497 316,
686 4435 726 4484 18.
745 4430 796 4486 ΑΩ
813 4452 831 4485 x
849 4427 888 4503 μὴ
905 4432 967 4501 (ΑΩ
985 4452 1113 4504 superscr.
1132 4438 1199 4505 ant).
1234 4436 1259 4494 Ξ
1277 4447 1296 4488 t.
1314 4434 1363 4485 aul
1381 4423 1425 4500 pti.
1445 4461 1478 4473 -

450 4536 483 4574 v=
503 4513 541 4588 μὴ
557 4520 600 4586 (or.
621 4520 657 4573 11.
676 4521 735 4585 nu,
753 4521 814 4586 aa).
