3567 5500
958 776 1001 849 74

464 963 574 1054 ἄστρα
596 993 633 1031 τε
663 966 709 1031 τοὶ
740 964 913 1055 ξύμπαντα
941 972 1003 1033 καὶ
1023 967 1070 1035 τό
1087 978 1154 1033 τῶν
1176 970 1261 1057 όρῶν
1290 971 1491 1057 διακεκοσμη-

464 1069 542 1157 μένα
561 1074 662 1147 καλῶς
682 1064 781 1146 οὕτως
802 1075 957 1149 ἐνιαυτοῖς
970 1098 1007 1136 τι
1026 1075 1089 1136 καὶ
1108 1074 1182 1157 μησὶ
1197 1073 1406 1158 διἰιλημμένα·
1430 1075 1492 1135 καὶ

465 1166 525 1235 ότι
551 1169 671 1249 πόντος
689 1166 840 1249 ’Έλληνες
868 1198 905 1237 τε
937 1177 994 1237 καλ
1022 1172 1171 1260 βάρβαροι
1206 1177 1383 1260 νομίζουσιν
1414 1175 1492 1239 εἶναι

463 1272 565 1350 θεοὺς.
621 1274 707 1341 Satis
731 1276 816 1340 enim
839 1278 1047 1363 perspicuum
1079 1286 1136 1359 est,
1172 1277 1228 1342 ubi
1256 1278 1348 1342 toties
1379 1274 1492 1341 eadem

463 1366 620 1464 particula
642 1377 743 1442 oculis
764 1400 799 1442 se
820 1378 979 1465 praebuit,
1003 1378 1164 1465 quomodo
1187 1379 1353 1444 scribentis
1376 1401 1490 1444 manus

332 1480 339 1490 ⁴
464 1477 572 1544 alieno
596 1501 726 1568 quoque
746 1477 827 1562 loco,
852 1501 917 1566 quo
936 1501 1002 1545 non
1023 1479 1143 1563 debuit,
1166 1480 1323 1546 collocare
1343 1484 1491 1567 potuerit.

462 1581 532 1646 Nec
555 1582 665 1669 dispar
683 1592 731 1647 est
749 1582 830 1647 ratio
849 1577 976 1651 molesti
999 1581 1086 1647 illius
1108 1584 1173 1662 καὶ,
1199 1583 1285 1669 quod
1303 1605 1378 1670 pag.
1395 1576 1490 1649 6551)

464 1691 539 1747 ante
560 1680 713 1768 μιμήμασι
742 1684 899 1748 intrusum
924 1692 1005 1765 erat3
1048 1694 1146 1771 atque
1169 1684 1290 1751 Orellio
1319 1692 1451 1749 auctore
1472 1706 1491 1749 a

463 1783 692 1851 Turicensibus
714 1793 746 1850 et
759 1786 946 1850 Hermanno
966 1784 1089 1851 dudum
1111 1796 1307 1874 expunctum
1329 1796 1387 1851 est.
1423 1786 1491 1851 Neo

463 1887 572 1973 inepte
593 1910 666 1951 cum
688 1887 737 1951 his
758 1885 918 1952 erroribus
933 1908 1118 1975 componas,
1142 1887 1233 1978 quod·
1251 1910 1325 1975 pag.
1339 1882 1435 1955 9081)
1458 1890 1491 1953 in

463 1990 641 2055 enuntiato:
673 1989 747 2052 όδὲ
769 1985 807 2062 δὴ
828 1984 968 2065 δοξάζον
989 1990 1044 2074 μὲν
1062 1988 1212 2076 καθάπερ
1234 1988 1355 2076 ἅτερος,
1378 1988 1491 2075 εὐφυὴς

454 2090 501 2153 ’δὲ
521 2088 762 2177 ἐπικαλούμενος
782 2090 879 2154 δόλου
898 2095 952 2153 καί
971 2092 1094 2177 ἐνέδρας
1113 2089 1228 2179 πλήρης
1249 2093 1283 2157 in
1303 2092 1397 2161 codd.
1418 2103 1491 2179 post

462 2188 559 2256 δόλου
589 2194 719 2281 quoque
749 2191 865 2278 legitur
897 2194 1060 2281 particula
1082 2196 1126 2273 δὲ,
1166 2217 1262 2282 quam
1282 2195 1394 2260 Herm.
1419 2217 1489 2260 oum

462 2294 692 2359 Turioensibus
711 2296 855 2378 extrusit,
880 2294 994 2361 Stallb.
1010 2306 1124 2362 contra
1144 2298 1178 2361 in
1192 2322 1228 2359 τε
1246 2299 1380 2363 mutavit
1402 2296 1489 2377 (vide

462 2417 561 2482 supra
581 2419 613 2483 p.
632 2391 684 2462 28.
707 2396 764 2461 ‘ubi
786 2398 854 2483 ejus
875 2390 1059 2463 mutationis
1072 2382 1264 2485 'exemplum
1287 2400 1400 2481 attuli).

548 2498 645 2579 Quod
667 2508 774 2564 autom
795 2499 1003 2565 Hermannus
1026 2522 1057 2587 p.
1079 2495 1170 2567 8020
1197 2499 1416 2589 postulandos
1439 2524 1490 2567 ex·

461 2603 566 2689 pungi
581 2602 674 2688 jubet
693 2603 737 2680 u,
757 2611 794 2666 ut
812 2602 1023 2667 intolerabilis
1046 2602 1251 2669 anacoluthia
1270 2602 1413 2686 tollatur,
1438 2625 1490 2671 ne·

462 2708 528 2772 scio
550 2728 594 2771 an
614 2705 814 2795 probabilius
835 2707 868 2769 in
887 2703 925 2780 δὴ
944 2714 1103 2772 mutemus
1127 2711 1174 2788 (ut
1195 2708 1229 2772 in
1250 2727 1315 2792 mg.
1328 2705 1423 2772 Voss.
1441 2726 1492 2772 ex·

461 2817 523 2874 stat
546 2811 723 2895 scriptum),
753 2831 854 2897 quum
874 2811 1063 2894 praesertim
1086 2808 1178 2874 aliter
1200 2812 1289 2895 origo
1311 2808 1489 2896 particulae

461 2911 495 2973 dl
516 2910 654 2976 divinari
675 2933 742 2975 non
762 2913 863 2997 possit
881 2909 934 2990 (ef.
957 2933 1055 2997 supra
1076 2907 1172 2997 p.15.
1196 2907 1246 2980 18.
1267 2906 1334 2991 23).

547 3011 613 3077 Sed
636 3015 707 3100 jam
727 3011 770 3076 ad
803 3014 954 3098 graviora
976 3014 1044 3100 ejus
1071 3014 1198 3097 generis
1219 3011 1339 3078 menda
1360 3013 1491 3079 acceda-

461 3136 543 3181 mus.

521 3237 595 3305 pag.
617 3210 713 3284 73ὅῦ
734 3219 767 3280 ἐν
787 3213 858 3302 ᾆδ’
880 3214 923 3280 αὖ
945 3220 999 3304 βίῳ
1021 3221 1184 3304 ἰσορροπεῖ
1203 3215 1353 3305 καθάπερ
1370 3222 1403 3282 ἐν
1422 3231 1492 3296 τοῖς

398 3332 401 3340 “
460 3317 604 3407 πρόσθεν
624 3321 673 3381 dat
692 3321 895 3383 διανοεῖσθαι
915 3320 980 3386 τόν
1000 3317 1176 3407 ἰσόρροπον
1199 3323 1267 3404 βίον
1290 3321 1329 3396 ός
1349 3330 1416 3384 τόν
1437 3321 1492 3406 μὲν

461 3420 729 3510 ὑπερβαλλόντων
746 3433 793 3506 τῷ
812 3425 894 3509 φίλῳ
914 3423 986 3507 ἡμῖν
1006 3420 1197 3508 βουλόμεθα,
1225 3433 1290 3486 τῶν
1311 3422 1338 3483 d'
1359 3417 1401 3486 αὖ
1422 3435 1492 3499 τοῖς

460 3528 585 3612 ἐχθροῖς
611 3524 651 3587 οό
679 3523 870 3611 βουλόμεθα,
900 3521 1030 3601 πάντας
1057 3525 1091 3588 δὲ
1120 3527 1167 3587 δεῖ
1187 3527 1390 3589 διανοεῖσθαι
1413 3523 1497 3604 πυός

459 3629 542 3712 βίους
562 3628 647 3713 ἡμῶν
667 3627 705 3704 ὦς
725 3630 757 3692 ἓν
768 3626 899 3704 ’τούτοις
911 3628 1095 3712 ἐνδεδέμενοι
1116 3625 1278 3714 πεφόκασι
1293 3630 1347 3690 καὶ
1362 3631 1409 3691 δεῖ
1422 3630 1490 3692 δια·

432 3759 434 3763 ’
459 3735 616 3808 νοεῖσθαι,
634 3732 747 3807 ποίους
758 3728 853 3816 φύσει
863 3727 1047 3816 βουλόμεθα.
1078 3731 1191 3818 Neque
1206 3731 1350 3817 profecto
1364 3731 1490 3814 mirum,

460 3833 548 3923 quod
567 3832 778 3899 intolerabilis
801 3832 946 3918 ejusdem
967 3834 1057 3898 vocis
1070 3835 1125 3914 dot
1144 3833 1346 3896 διανοεῖσθαι
1366 3835 1490 3899 iteratio

395 3934 397 3939 ’
458 3936 624 4002 nonnullis
647 3936 805 4001 editorum
823 3933 878 4014 (Η.
902 3933 962 4010 St.)
986 3934 1197 4001 offensionem
1218 3934 1323 4001 dabat
1368 3936 1422 4002 An
1442 3945 1491 4001 ter

457 4037 627 4104 Platonem
657 4037 826 4103 credamus
859 4035 973 4100 eodem
995 4037 1043 4098 <tat
1070 4039 1272 4100 διανοεῖσθαι
1299 4040 1411 4125 paucis
1444 4040 1490 4104 in·

458 4141 598 4228 tsrjectis
627 4137 794 4206 vocabulis
826 4157 920 4203 usum
945 4159 1037 4222 esse,·
1066 4137 1123 4204 ubi
1144 4161 1186 4204 ne
1207 4140 1338 4206 minima
1360 4140 1490 4228 quidem

458 4262 556 4308 cauea
577 4239 722 4330 apparet,
753 4261 811 4305 cur
834 4263 893 4327 per
915 4241 1113 4328 anaphoram
1134 4247 1223 4311 tanta
1240 4244 1279 4308 iis
1301 4243 1352 4308 vis
1372 4241 1490 4308 tribua-

457 4353 522 4423 tur3
554 4346 646 4410 tertio
669 4345 770 4430 igitur
791 4341 862 4409 loco
882 4345 996 4430 utique
1018 4363 1091 4409 oum
1111 4344 1299 4438 Hermanno
1323 4351 1355 4409 et
1376 4341 1487 4411 stallo.

459 4468 533 4512 eam
554 4445 792 4514 excludendam
815 4469 886 4513 esse
901 4466 1026 4515 censeo.
1061 4446 1222 4514 Videlicet
1240 4445 1340 4513 verba
1362 4448 1490 4510 δεῐδια-

458 4551 619 4629 νοεῖσθαι,
641 4569 741 4636 quum
759 4549 934 4639 aliquando
956 4551 1076 4617 omissa
1096 4559 1128 4615 et
1147 4548 1266 4615 deinde
1286 4551 1321 4632 in
1341 4549 1489 4638 margine
