3567 5500
793 761 815 835 3

285 949 429 1038 Legibus
451 952 594 1020 Platonis
615 957 749 1021 maximi
773 966 847 1022 sunt
867 957 1021 1022 momenti
1043 955 1184 1040 codices,
1207 952 1317 1045 explo-

286 1075 394 1120 remus
416 1065 449 1122 et
468 1060 701 1129 examinemus.

591 1375 615 1437 1.
657 1373 698 1436 De
717 1375 836 1455 singulte
859 1373 1011 1436 codicibus.

370 1570 453 1660 Sunt
467 1580 583 1652 autem,
607 1594 688 1660 quos
710 1574 746 1636 in
764 1573 826 1639 bac
844 1561 1031 1638 recensione
1047 1571 1234 1656 describam,
1257 1593 1315 1638 sex

281 1672 339 1755 illi,
363 1696 498 1760 quorum
520 1674 674 1741 lectiones
688 1675 718 1739 J.
736 1675 906 1741 Bekkerus
927 1678 961 1739 in
983 1676 1219 1758 commentariis
1238 1696 1313 1740 con·
1355 1671 1362 1678 ’

280 1774 370 1856 tulit,
406 1776 519 1840 litteris
550 1775 621 1842 illas
652 1777 740 1863 apud
769 1800 843 1843 eum
879 1779 1047 1862 insignitas
1070 1783 1097 1840 A
1121 1781 1151 1838 a
1173 1803 1190 1840 v
1215 1779 1227 1863 l
1248 1780 1264 1862 l)
1287 1799 1313 1846 t.

280 1877 365 1942 Nam
385 1877 475 1942 illum
499 1879 657 1962 codicem,
675 1886 788 1966 'quem
817 1878 921 1947 littera
946 1880 974 1948 Ξ
1002 1879 1180 1963 insignivit,
1212 1901 1313 1966 quum

281 1981 321 2045 sit
346 1980 522 2053 incredibili
546 1981 747 2067 negligentia
767 1983 905 2068 scriptus
933 1983 1029 2068 atque
1057 1982 1114 2045 vix
1136 2004 1234 2046 unam
1256 1982 1311 2047 ba-

280 2080 356 2148 beat
376 2082 652 2169 praestabiliorem
670 2082 858 2166 lectionem,
895 2105 982 2148 nunc
1014 2083 1143 2170 quidem
1170 2094 1310 2171 praeter·
1348 2067 1362 2088 s

280 2184 420 2262 mittam3
455 2185 495 2250 de
524 2187 594 2272 ejus
624 2195 732 2252 autern
763 2208 834 2250 cum
856 2186 987 2272 reliquis
1013 2188 1204 2271 cognatione
1227 2188 1311 2253 infra

280 2286 439 2352 nonnulla
461 2287 644 2353 memorabo
662 2282 718 2384 ¹).'
744 2288 866 2353 Contra
893 2290 1004 2375 utique
1032 2290 1228 2356 incensum
1254 2313 1310 2356 vo·

281 2388 402 2454 candus
422 2400 470 2456 est
489 2390 684 2474 Vossianus,
721 2392 812 2478 cujus
839 2390 991 2456 lectiones
1017 2391 1231 2458 Ruhnkenius
1253 2416 1309 2459 ex·

280 2493 414 2577 scripsit,
456 2493 590 2558 Heusde
616 2495 792 2580 (specimen
822 2495 887 2562 orit.
921 2495 955 2557 in
981 2493 1172 2560 Platonem.
1203 2493 1309 2582 Lugd.

281 2587 376 2677 1803)
397 2594 507 2661 edidit.

366 2696 488 2783 Atque,
521 2707 558 2763 ut
581 2721 601 2762 a
627 2696 837 2765 deterioribus
863 2697 1025 2786 incipiam,
1050 2696 1184 2783 longum
1206 2709 1255 2766 est
1277 2709 1309 2767 et

284 2796 408 2880 inutile,
440 2810 518 2885 quot
538 2823 660 2886 genera
679 2802 829 2865 vitiorum
850 2802 882 2864 in
904 2802 951 2877 iisv
966 2801 1079 2883 insint,
1111 2824 1308 2869 enumerare.

280 2898 362 2963 Nam
388 2911 460 2967 sunt
479 2902 545 2967 fere
564 2905 741 2968 innumera.
785 2902 870 2969 Satis
890 2903 951 2968 erit
964 2925 1221 2988 commemorare,
1242 2929 1309 2993 quo

279 3003 411 3088 quisque
434 3004 511 3069 vitio
535 3006 677 3070 maxime
701 3007 934 3072 contaminatus
954 3007 1014 3087 sit,
1043 3016 1094 3090 ut,
1125 3009 1305 3093 siquando

277 3104 320 3168 ad
341 3126 395 3170 eos
414 3106 561 3192 refugere
581 3109 683 3173 coacti
705 3109 814 3192 simus,
837 3117 994 3195 quantum
1015 3110 1053 3173 iis
1068 3109 1164 3175 tribui
1179 3108 1305 3193 debeat,

278 3228 526 3272 memmenmus.
1226 3226 1228 3235 '

362 3307 537 3375 Vaticanus
571 3333 586 3379 r
616 3312 746 3399 singula
776 3312 877 3378 verba
906 3313 1034 3378 omittit:
1069 3306 1207 3395 247,18.
1228 3308 1303 3399 249,

273 3404 304 3476 2.
332 3406 479 3494 250,11.
508 3408 581 3495 261,
606 3413 636 3481 7.
669 3411 813 3499 262,15.
843 3409 991 3497 26513.
1020 3409 1094 3498 276,
1116 3412 1147 3481 5.
1177 3411 1304 3500 287,1.

271 3508 415 3596 300,15.
450 3511 598 3597 301,15.
634 3512 784 3601 327,16.
819 3512 1049 3599 32317610.
1095 3517 1139 3581 Hi
1168 3516 1230 3584 looi
1262 3542 1304 3586 ex

270 3615 371 3683 tribus
393 3627 518 3683 tantum
540 3619 699 3705 prioribus
723 3630 798 3685 sunt
810 3619 911 3685 libris.
955 3619 1021 3685 Sed
1037 3642 1078 3685 ex
1092 3619 1154 3685 hoc
1169 3644 1301 3689 numero

269 3730 457 3806 computare
473 3721 542 3807 jam
562 3721 646 3805 licet,
670 3744 766 3809 quarn
788 3721 989 3807 negligenter
1008 3719 1156 3787 librarius
1172 3725 1313 3811 scripto·-

268 3823 315 3888 ris
335 3821 438 3889 verba
460 3823 667 3890 transtulerit.
713 3824 838 3890 Tamen
858 3824 1044 3889 continuam
1060 3826 1212 3891 orationis
1227 3849 1300 3913 par-

267 3936 332 3991 tem
354 3948 429 3990 raro
453 3928 557 3992 omisit
576 3926 627 4010 (II
649 3921 722 4009 162,
743 3923 848 3993 9-11
872 3936 903 3993 et
922 3924 956 3989 II
977 3919 1051 4009 303,
1074 3918 1234 4011 23-304,
1254 3923 1299 4011 1).

335 4223 362 4288 1)
381 4220 521 4271 Consentit
541 4220 588 4271 ille
611 4220 669 4272 cod.
688 4222 753 4272 Van.
782 4226 836 4272 tam
870 4226 1020 4271 constanter
1047 4236 1107 4271 cum
1133 4220 1301 4289 lectionibus,

263 4324 331 4374 quae
351 4310 379 4357 in
399 4308 598 4357 commentariis
616 4307 741 4373 vulgatae
763 4308 789 4371 (a
807 4308 956 4375 Stephano)
979 4322 1034 4358 esse
1053 4306 1188 4371 dicuntur,
1207 4314 1237 4360 ut
1256 4308 1301 4359 vix

263 4395 382 4447 dubitari
400 4394 494 4459 possit,
512 4395 576 4458 quin
596 4393 744 4462 Stephanus
763 4409 795 4444 eo
813 4410 876 4445 usus
885 4394 929 4456 sit,
948 4408 1104 4459 quamquam
1119 4393 1303 4460 Schneiderus,

262 4482 404 4549 „quaestio
424 4479 450 4529 d.
460 4478 495 4528 Η.
506 4480 595 4545 Steph.
610 4480 681 4546 legg.
691 4495 744 4531 rec.
763 4497 803 4548 ps.
817 4480 844 4529 11
853 4498 878 4547 p.
891 4482 940 4529 15α
962 4496 1015 4531 non
1034 4481 1061 4529 in
1080 4496 1109 4530 eo
1128 4496 1237 4533 numero
1256 4497 1301 4533 ex·

261 4568 344 4621 bibet.
382 4566 472 4617 Aliter
490 4571 579 4618 tamen
597 4567 678 4617 sentit
696 4566 790 4618 Stallb.
808 4566 891 4634 praef.
909 4584 935 4635 p.
958 4566 1017 4617 XV.

1059 4668 1095 4722 10
