3567 5500
771 822 815 898 97

277 1017 350 1095 (Ast
366 1014 430 1081 lex.
443 1015 519 1103 plat.
543 1017 570 1083 Ι.
591 1024 623 1104 ρῤ
635 1013 751 1100 652*))
767 1029 808 1102 et,
832 1042 915 1107 quae
930 1020 972 1090 H.
986 1019 1168 1108 Stephanus
1188 1022 1227 1087 in'
1243 1021 1317 1087 the·

238 1148 256 1155 -
278 1141 372 1185 sauro
393 1118 495 1200 affert,
520 1119 622 1184 Thac.
645 1122 671 1195 Ι,
695 1121 724 1186 1.
753 1118 794 1183 τὰ
817 1119 904 1185 ἄλλο
925 1122 1106 1198 Ἑλληνικὸν
1133 1122 1213 1209 ὁρῶν
1239 1126 1308 1199 tov-

279 1220 450 1311 wvcipgsvov
478 1219 557 1307 πρὸς
588 1222 751 1309 ἑκατέρους
773 1233 810 1288 et
827 1224 853 1305 I,
875 1218 928 1289 22.
952 1224 991 1301 ὠς
1012 1226 1167 1310 ἑκατέρων
1189 1251 1238 1306 τις
1259 1226 1307 1291 ed·

278 1324 365 1398 νοίας
385 1316 403 1398 ἢ
424 1321 539 1407 μνήμης
562 1329 651 1407 ἔχοι).
708 1325 816 1412 Atque
844 1325 931 1391 favet
953 1326 1027 1391 huic
1057 1328 1310 1414 interpretationi

278 1448 356 1490 usus
378 1425 607 1511 particularum
629 1451 728 1489 τε-
753 1430 814 1506 aut,
850 1419 914 1513 qim
938 1449 1033 1514 saepe
1057 1428 1136 1495 duas
1162 1452 1215 1495 res
1237 1452 1311 1495 con-

274 1528 429 1612 jungunt,
467 1550 550 1613 quae
576 1539 692 1593 natura
718 1539 792 1594 sunt
822 1551 953 1614 prorsus
977 1529 1122 1595 diversae
1145 1553 1244 1617 seque
1265 1534 1310 1596 in·

279 1631 383 1692 vicem
401 1628 605 1695 ‘excludunt
647 1630 808 1717 Exempla
842 1640 969 1716 praeter
1005 1654 1052 1713 aa,
1089 1655 1173 1719 quae
1205 1632 1312 1699 lexica

280 1730 437 1817 praebent
459 1730 625 1818 (Aeschyl.
646 1732 807 1798 Prometh.
828 1728 893 1798 927
915 1729 994 1797 ὅσον
1015 1732 1054 1795 cd
1078 1734 1107 1797 τ’
1130 1731 1235 1820 ἄρχειν
1258 1740 1312 1798 καὶ

279 1830 322 1895 τὸ
342 1830 499 1897 δουλεύειν
512 1836 596 1917 δίχα.
639 1834 787 1921 Thucyd.
808 1834 850 1902 Il.
864 1830 916 1899 35.
941 1832 980 1919 μή
1002 1838 1034 1898 ἐν
1057 1839 1101 1899 ἐνὶ
1120 1836 1212 1924 ἀνδρὶ
1231 1841 1311 1901 πολ·

280 1931 345 2005 λῷν
370 1934 486 2020 οἷρετοὶς
512 1932 803 2002 νινδννεῦεοθαιοῦ
826 1940 953 2001 τεκαὶ
977 1950 1082 2022 χεῖρον
1105 1939 1231 2003 εἰπόντι
1259 1966 1310 2003 πι-

260 2042 478 2119 .στεο8ῆναι),
514 2038 603 2124 apud
620 2039 788 2105 Platonem
818 2050 910 2105 sunt:
949 2062 1031 2126 resp.
1052 2036 1146 2107 493ss
1168 2044 1222 2107 καὶ
1242 2042 1313 2121 οἵας

283 2135 325 2203 αὖ
352 2146 409 2220 (sc.
432 2138 551 2225 φονοές)
585 2137 686 2205 ἄλλου
717 2142 936 2228 φθεγγομένου
971 2140 1139 2227 impet-‘cois
1173 2169 1214 2207 τε
1247 2147 1311 2209 καὶ

283 2243 435 2329 ἀγριαίνει
456 2241 497 2306 cf.
520 2243 600 2308 ibid.
621 2239 726 2310 435A.
748 2243 895 2309 'Phaedn
910 2238 1021 2311 ⁵262A.

368 2345 407 2410 In
424 2347 463 2409 iis
487 2344 614 2427 deinde,
638 2368 722 2433 quae
741 2356 929 2433 sequuntur,
954 2346 1034 2412 mihi
1056 2346 1136 2413 haec
1158 2370 1224 2413 uua
1246 2371 1310 2425 mef

282 2448 359 2513 dela
382 2446 508 2533 aliquid
530 2447 711 2513 conducere
729 2448 873 2513 videtur:
910 2449 952 2524 εἷς
965 2452 1074 2535 κλῆρος
1097 2460 1133 2514 ut
1151 2448 1313 2534 glossema

234 2532 241 2541 ι
284 2548 450 2630 excludet,
471 2548 597 2614 dativae
616 2560 662 2634 τῷ
679 2548 756 2636 πρὸς
773 2563 843 2625 τοῖς
861 2548 1008 2635 ἐσχάτοις
1027 2560 1059 2615 et
1078 2560 1124 2635 τῷ
1143 2550 1197 2614 ἀπ’
1216 2551 1312 2635 ἐσχά-

284 2678 351 2716 των
371 2651 503 2737 δευτέρῳ
526 2674 546 2715 a
571 2653 784 2738 ξυγκληρώσαι
812 2652 957 2738 pendere
979 2661 1111 2719 statuas.
1165 2652 1314 2739 Namque

287 2755 539 2819 additamentum
560 2754 640 2818 illud
667 2755 792 2820 scribae
819 2755 915 2820 alicui
938 2755 1022 2820 hanc
1044 2756 1312 2822 constructionem

182 2897 185 2902 -
288 2855 399 2943 paullo
418 2857 654 2942 impeditiorem
675 2857 761 2922 haud
783 2858 989 2942 perspicienti
1009 2860 1175 2943 assignare
1194 2857 1313 2930 licebit,

283 2958 411 3044 Nempe
435 2959 536 3025 rerba
562 2957 603 3024 τὸ
628 2957 707 3045 πρός
734 2969 773 3043 τῇ
800 2957 893 3022 πόλει
919 2960 1007 3044 μέρος
1029 2982 1132 3046 usque
1155 2960 1198 3026 ad
1226 2953 1312 3024 orire

284 3057 397 3124 πάντα
420 3062 585 3127 continent
612 3063 765 3146 exegesin
792 3063 833 3126 ad
856 3069 1041 3146 antegressa
1064 3061 1120 3126 illa
1141 3063 1312 3147 ξυγκληροῖ·

282 3189 340 3226 σαι
361 3161 419 3225 δύο
441 3161 606 3248 τμήματα.
649 3163 764 3250 Neque
793 3163 920 3229 dativus
950 3174 1022 3250 post
1045 3164 1234 3248 ξογνληροῦν
1264 3166 1310 3228 iu·

283 3265 411 3330 auditus
433 3276 490 3348 est,
527 3265 568 3328 cl.
593 3274 690 3352 (quae
711 3265 823 3352 Steph.
845 3262 993 3351 praebet)
1015 3265 1148 3336 Luoian.
1171 3267 1309 3332 insomn.

282 3390 354 3456 cap.
377 3366 427 3436 ll.
453 3370 520 3430 ἐπεὶ
541 3368 754 3452 ξονονληρονὸη
778 3377 825 3452 τῷ
844 3364 925 3453 λη’ρῳ
947 3368 1070 3453 γέροντι
1088 3377 1120 3434 et
1141 3367 1311 3436 Demosth.

284 3467 335 3536 14.
355 3480 387 3534 et
406 3466 457 3539 18.
480 3481 512 3536 et
531 3467 696 3557 ξύγκληρός
717 3494 788 3538 τινι.
832 3471 917 3536 Nam
945 3470 1129 3553 ξονκληροῦν
1150 3469 1234 3536 nihil
1265 3479 1312 3536 est

353 3746 377 3814 ²²)
412 3747 472 3797 Noli
497 3745 574 3810 hujus
595 3745 634 3796 rei
652 3745 799 3812 exemplum
817 3744 956 3809 adducere,
984 3744 1053 3810 quod
1073 3759 1134 3810 pag.
1152 3744 1224 3795 7340
1245 3744 1312 3810 legi-

285 3836 328 3883 tur
345 3828 470 3908 ἑκάτερος
488 3826 616 3906 ἑκάτερον
633 3827 819 3907 ὑπερβάλλον.
863 3833 930 3882 Nam
951 3833 1033 3881 toturn
1053 3829 1123 3880 hrmc
1143 3831 1230 3880 locum
1251 3827 1313 3880 inde

285 3934 302 3969 a
321 3913 337 3970 ὀ
356 3910 391 3980 δὴ
408 3913 527 3992 σώφρων
543 3933 625 3982 nsque
645 3916 678 3967 ad
696 3909 748 3968 τόν
766 3910 879 3992 ἄφρονα
898 3919 989 3968 νικῶσι
1006 3915 1145 3966 admodum
1163 3920 1313 3982 suspectum
1381 3919 1396 3932 “

284 4004 383 4068 habco,
413 4019 447 4054 nc
466 4007 503 4055 sit
520 4006 632 4071 spurios,
676 4001 766 4052 Verba
782 3999 799 4056 ὁ
818 3994 854 4064 δή
871 3997 991 4078 σῶφρον
1008 4006 1063 4055 τοῦ
1081 3996 1242 4056 α’κολάοτου
1257 4003 1313 4067 jam

285 4091 376 4142 Actius
393 4089 455 4154 ejici
472 4091 565 4142 voluit.
608 4090 649 4141 Dc
673 4091 767 4142 ceteris
790 4090 946 4140 sententiam
973 4104 1058 4140 meam
1080 4089 1125 4140 hio
1146 4089 1256 4156 longum
1274 4094 1313 4142 est

285 4176 455 4242 comprobare
509 4177 685 4243 Suspitiouem
708 4181 794 4227 autem
816 4181 922 4226 movent
941 4175 1069 4244 imprimis
1093 4175 1171 4228 haeoz
1200 4177 1313 4242 primum

285 4261 356 4328 qnod
373 4262 511 4324 sententia,
532 4278 598 4326 quae
617 4264 645 4312 in
664 4261 842 4329 superioribus
860 4261 992 4312 declarata
1010 4267 1075 4326 arat,
1101 4276 1172 4312 mere
1189 4261 1313 4311 transfer·

284 4352 328 4398 tur
346 4347 379 4397 ad
403 4350 546 4415 sapientem
564 4353 590 4397 ct
612 4347 715 4410 fortem,
749 4347 809 4397 dein
831 4346 900 4412 quod
919 4349 1083 4398 constructio
1103 4363 1181 4412 quam
1200 4348 1313 4397 maxime

285 4438 324 4483 ast
340 4433 473 4501 perplexa,
496 4433 609 4498 denique
629 4434 809 4496 obscuritates,
832 4448 899 4496 quae
916 4433 1007 4484 insunt
1023 4435 1052 4482 iu
1075 4427 1229 4508 ἀμφότερα,
1253 4427 1312 4484 ἐκοί-

284 4534 362 4594 τορος
385 4516 523 4594 ἑκάτερον,
552 4522 588 4591 τῇ
607 4547 640 4558 -
658 4522 694 4591 τῇ
713 4518 816 4584 (Aetius
833 4519 938 4586 supplet
960 4509 1083 4592 puplici),
1112 4513 1218 4572 lasiaco
1237 4514 1314 4595 duap-

284 4597 451 4672 βαλλόντων
472 4599 586 4670 αὐτούς,
