3567 5500
886 687 894 719 ,
930 685 936 700 ,

795 755 838 831 63

292 952 364 1041 jam
386 953 431 1017 ita
451 958 576 1016 tantum
599 950 701 1015 omitti
724 953 867 1038 potuisse
886 959 1031 1039 apparet,
1054 952 1080 1019 si
1103 951 1166 1018 alia
1183 949 1327 1034 aderant,

293 1077 383 1141 quae
404 1053 539 1119 relativa
560 1075 626 1117 non
641 1053 780 1119 'definita
799 1076 870 1119 esse
891 1054 1080 1119 indicarent.
1113 1053 1216 1141 Atqui
1238 1076 1328 1139 grae-

273 1180 277 1187 ’
300 1158 329 1221 ci
347 1156 543 1243 peculiarem
562 1156 597 1219 in
617 1155 793 1241 ejusmodi
813 1157 986 1221 enuntiatis
1006 1154 1096 1221 verbi
1116 1156 1249 1221 modum
1270 1179 1326 1245 po-

298 1258 428 1340 nebant,
463 1259 715 1344 conjunctivum,
751 1281 848 1351 quem
871 1260 1102 1345 antiquissimis
1125 1258 1326 1345 temporibus

298 1360 341 1426 ad
376 1360 466 1425 illam
499 1362 567 1425 vim
600 1359 829 1426 declarandam
867 1362 945 1425 satis
979 1358 1129 1427 habuisse
1166 1361 1324 1455 videntur.
1367 1405 1371 1413 -

297 1460 412 1549 ltaque
432 1484 491 1549 per
511 1484 546 1527 se
568 1461 648 1527 nihil
670 1464 899 1549 impedimento
922 1473 979 1543 est,
1004 1463 1173 1549 quonimus
1197 1465 1231 1527 in
1247 1484 1324 1551 ,pro-

298 1585 335 1628 sa
369 1586 497 1651 quoque
531 1565 673 1629 oratione
707 1561 748 1629 ἄν
783 1565 895 1631 abesse
931 1565 1041 1651 possit.
1098 1564 1220 1632 Verum
1252 1576 1325 1653 post

297 1668 479 1753 praesentia
508 1665 640 1753 quidem
670 1676 701 1732 et
730 1665 838 1731 futura
860 1667 1091 1733 consuetudine
1114 1666 1202 1733 aliud
1225 1670 1325 1733 sanci·

296 1776 366 1833 tum
387 1777 444 1834 est.
993 1768 996 1775 ’
1066 1850 1071 1864 t

383 1870 632 1957 Conjunctivum
662 1880 768 1937 autem
796 1871 945 1957 usurpari
974 1879 1106 1950 constat,
1143 1866 1324 1959 ubicunque

297 1996 403 2039 rernm
424 1982 555 2038 eventus
589 1995 656 2038 non
677 1972 777 2056 adest,
818 1974 875 2038 sed
910 1983 1123 2060 exspectatur,
1171 1972 1322 2055 necdum,

296 2074 401 2164 qualis
430 2074 552 2140 futurus
589 2078 639 2158 sit,
676 2077 770 2141 certis
800 2075 919 2142 finibus
953 2074 1170 2145 circumscribi
1202 2086 1323 2163 potest;

296 2187 414 2259 tamen,
448 2179 567 2264 siquis
590 2177 631 2243 ob
660 2178 745 2243 hanc
767 2200 899 2243 causam
928 2177 1100 2244 indefinitis
1122 2176 1263 2243 relativis
1285 2176 1322 2242 il-

296 2279 363 2344 lum
396 2278 488 2344 verbi
521 2279 655 2345 modum
687 2280 840 2347 idoneum
874 2303 944 2345 esse
978 2282 1136 2368 opinetur,
1175 2280 1323 2367 equidem

294 2393 362 2448 tam
379 2381 493 2475 procul
513 2381 639 2464 absum,
669 2393 705 2447 ut
724 2384 808 2448 hanc
831 2385 1017 2470 opinionem
1041 2383 1257 2469 comprobem,
1289 2393 1323 2448 ut

296 2484 413 2568 latinos
435 2486 518 2549 sicut
538 2486 573 2548 in
592 2484 673 2568 aliis,
705 2486 750 2549 ita
771 2487 805 2549 in
826 2491 886 2550 hoe
907 2484 1062 2572 loquendi
1082 2486 1199 2571 g'enere
1223 2484 1321 2551 subti-

295 2586 357 2651 lius
379 2597 410 2652 et
432 2587 631 2651 constantius
653 2609 751 2674 quam
772 2610 907 2673 graecos
934 2610 1029 2653 voces
1053 2609 1090 2653 ac
1111 2587 1231 2653 formas
1252 2610 1322 2653 sen·

296 2690 403 2754 tentiis
423 2688 593 2776 adaptasse
615 2689 772 2756 censeam}
815 2689 900 2755 Nam
921 2692 955 2755 in
977 2712 1015 2756 eo
1037 2710 1165 2782 genere,
1193 2689 1233 2754 de
1256 2710 1320 2777 quo
1382 2724 1385 2737 v

299 2791 430 2875 agimus,
467 2793 571 2857 omnis
594 2791 752 2858 dubitatio
777 2803 808 2857 et
829 2793 1026 2879 exspectatio
1049 2793 1083 2856 in
1105 2814 1142 2857 eo
1164 2801 1320 2873 versatur,
1358 2783 1363 2794 ’

297 2893 332 2957 in
353 2915 523 2980 quemnam
547 2893 709 2959 hominem
730 2894 782 2960 vel
805 2896 840 2959 in
867 2917 1042 2982 quamnam
1063 2917 1132 2960 rem
1153 2916 1192 2958 ea
1213 2893 1325 2960 condi·

297 2996 345 3060 cio
370 2995 475 3078 cadat,
513 3017 597 3082 quae
620 2998 783 3062 enuntiato
806 2996 940 3062 relativo
962 2998 1152 3062 continetur.
1202 2996 1254 3062 De
1275 2997 1321 3082 ip-'

295 3098 361 3161 sius
384 3098 577 3163 condicionis
601 3100 735 3192 veritate
756 3121 821 3164 non
843 3098 1016 3181 dubitatur,
1051 3121 1112 3163 nec
1132 3100 1235 3184 magis
1258 3096 1320 3162 hoc

297 3201 471 3285 quaeritur,
493 3222 569 3265 num
590 3202 635 3266 ita
647 3211 843 3287 comparata
864 3204 914 3281 sit,
936 3211 972 3265 ut
994 3203 1027 3264 in
1043 3209 1164 3266 certum
1179 3199 1320 3286 aliquem

297 3302 380 3380 (sive
402 3301 561 3367 hominem
585 3304 654 3368 sive
675 3325 845 3368 numerum
859 3312 931 3384 etc.)
956 3302 1102 3389 quadret.
1143 3301 1212 3366 Nec
1235 3304 1321 3366 enim

295 3426 474 3490 pronomen
496 3404 781 3471 demonstrativum
805 3405 897 3470 adest
930 3404 986 3469 sed
1016 3404 1187 3471 relativum
1211 3405 1320 3470 indefi-

293 3507 407 3588 nitum,
432 3507 519 3594 quod
539 3509 623 3572 inter
644 3507 738 3595 plura
761 3510 924 3594 optionem
946 3507 1016 3572 dari
1038 3508 1203 3594 significat,
1237 3530 1321 3596 quae

293 3609 415 3695 pariter
432 3608 618 3695 praedicato
638 3609 748 3698 aliquo
770 3601 870 3694 digna
887 3615 950 3700 aut
964 3609 1098 3694 indigne
1116 3632 1186 3675 esse
1207 3618 1321 3697 putan-

294 3720 354 3780 tur.
399 3711 463 3792 Ubi
481 3734 556 3777 vero
580 3712 726 3778 condicio
747 3735 814 3777 non
837 3713 880 3776 ad
900 3721 986 3777 certa
1008 3711 1201 3799 definitaque
1225 3711 1321 3776 refer-

283 3821 355 3896 tur,
391 3813 445 3892 ibi,
485 3817 513 3878 si
542 3837 599 3900 per
627 3837 662 3881 se
695 3813 829 3879 indubia
862 3824 920 3894 est,
956 3836 997 3878 ne
1020 3835 1078 3902 per
1099 3813 1159 3878 illa
1180 3812 1320 3902 quidem,

295 3937 378 4002 quae
400 3917 512 4000 ignota
532 3926 615 4000 sunt,
629 3919 673 3980 in
695 3917 927 3981 dubitationem
948 3917 1057 3981 vocari
1079 3925 1193 4002 potest.
1232 3915 1319 4000 Ergo

294 4016 336 4082 de
358 4016 416 4082 tali
438 4017 636 4100 condicione,
664 4041 747 4107 quae
767 4041 844 4083 num
867 4017 1045 4105 expleatur,
1079 4020 1114 4083 in
1136 4018 1242 4084 medio
1265 4041 1320 4105 po-

293 4120 390 4184 situm
422 4124 472 4202 sit,
512 4125 546 4184 in
576 4122 747 4188 enuntiatis
780 4119 843 4185 illis
857 4104 1004 4190 ¹omnino
1029 4106 1103 4188 'non
1133 4144 1237 4188 sermo
1262 4130 1319 4186 est.

293 4221 338 4286 At
368 4225 476 4306 graeci
505 4225 676 4290 enuntiatis
710 4223 852 4289 relativis
881 4224 988 4289 aliena
1016 4225 1247 4304 immiscebant,
1285 4221 1320 4285 id

294 4324 381 4410 quod
408 4324 461 4390 vel
491 4326 721 4412 insignioribus
752 4325 818 4390 illis
842 4327 985 4410 vestigiis
1008 4325 1242 4413 comprobatur,
1279 4323 1320 4388 de

293 4427 410 4514 quibus
444 4437 545 4513 agunt
563 4429 693 4515 Kriiger
717 4425 750 4518 ξ.
773 4408 826 4511 51¹,
850 4425 900 4510 13,
925 4425 964 4495 11
995 4438 1026 4492 et
1046 4428 1155 4493 Haase
1178 4426 1317 4492 Lucubr.

292 4525 393 4597 Thuc.
418 4551 450 4616 p.
470 4527 520 4596 77.
578 4530 682 4612 Quasi
710 4553 798 4612 vero,
835 4533 862 4595 si
884 4529 1047 4598 Homerus
1076 4531 1153 4597 dicit
1171 4529 1247 4614 (Od.
1268 4525 1319 4614 14,
1348 4585 1352 4594 .
