3567 5500
954 762 995 838 78

460 958 534 1041 isso,
556 956 643 1047 quod
666 980 740 1045 pag.
761 952 865 1041 639A,
897 957 953 1025 ubi
974 959 1101 1026 codices
1120 955 1241 1025 habent
1261 956 1336 1036 εἴτις
1356 996 1397 1009 -
1421 968 1490 1025 πᾶν

460 1061 585 1147 θρέμμα
600 1058 745 1148 ἄναρχον
764 1057 783 1137 ἤ
803 1059 885 1146 μετὰ
909 1072 974 1125 τῶν
996 1072 1100 1127 κακῶν
1115 1058 1281 1149 ἀρχόντων
1294 1058 1381 1138 ἰδών,
1405 1054 1489 1125 οὕτω

460 1164 626 1250 μέμφοιτο,
664 1164 699 1229 id
719 1162 808 1251 quod
830 1163 960 1229 difficile
982 1173 1059 1246 erut,
1093 1175 1160 1229 τῶν
1180 1163 1272 1247 illud,
1304 1162 1401 1241 nullis
1424 1183 1488 1229 am²

460 1264 599 1350 bagibus
633 1276 869 1353 expunxerunt
924 1266 1037 1352 Neque
1080 1269 1177 1351 enim,
1214 1266 1301 1332 unde
1333 1267 1488 1345 intrasset,

460 1369 523 1456 ipsi
545 1367 779 1451 indicavcmnt,
811 1390 873 1433 nec
893 1378 1075 1455 potuerunt,
1111 1371 1138 1434 si
1159 1367 1345 1435 voluissent.
1391 1367 1491 1453 Origo

461 1480 567 1536 autem
594 1470 795 1558 corruptelae
827 1471 1016 1556 priusquam
1050 1470 1266 1537 demonstrata
1297 1472 1347 1552 sit,
1388 1469 1488 1537 ullum

461 1572 567 1639 locum
588 1596 646 1660 pro
669 1581 781 1638 saneto
802 1571 912 1647 haberi
933 1592 1029 1657 posse
1048 1574 1242 1657 negaverim.
1280 1572 1413 1638 Cautius
1434 1574 1489 1655 igi-

460 1684 512 1740 tur
532 1676 756 1740 Hermannum
782 1675 888 1759 egisse
916 1674 1063 1757 arbitror,
1101 1674 1187 1762 quod
1221 1674 1326 1741 lenem
1350 1685 1382 1739 et
1404 1695 1488 1739 oom-

460 1776 591 1843 modam
612 1778 850 1859 correctionem,
886 1798 952 1864 qua
973 1770 990 1852 ἢ
1011 1775 1093 1863 μετά
1115 1802 1230 1842 τινων
1252 1787 1355 1841 κακῶν
1373 1774 1487 1864 α’ρχόν·

461 1903 526 1944 ταν
550 1879 687 1966 scripsit,
717 1879 882 1944 audaciori
905 1878 1050 1945 medelae
1073 1878 1284 1970 praeferebat.

537 1981 603 2069 Sed
623 1982 703 2048 haec
723 1982 887 2047 hactenus.
928 1981 1030 2048 Erunt
1049 1983 1165 2064 omnia,
1190 2002 1272 2069 quae
1292 1982 1398 2048 adhuc
1418 2002 1488 2068 per-

460 2085 667 2151 lustravimus
680 2086 760 2150 uitia
773 2086 819 2149 ita
839 2094 1033 2170 comparata,
1057 2094 1093 2150 ut
1112 2086 1251 2171 speciem
1274 2107 1353 2172 prae
1375 2106 1409 2150 se
1428 2084 1488 2148 fer·

460 2197 533 2253 rent
554 2209 706 2269 errorum,
741 2188 797 2284 qui
818 2187 927 2251 invitis
949 2187 1027 2273 ipsis
1049 2186 1185 2251 librariis
1208 2186 1263 2251 vel
1284 2210 1399 2273 parum
1418 2186 1487 2251 dili·

362 2335 367 2348 ,
460 2288 611 2376 gentibus
633 2290 721 2353 veris
743 2298 776 2352 et
797 2288 944 2373 genuinis
967 2288 1218 2389 subrepsissent:
1252 2288 1341 2354 mela
1362 2287 1487 2354 fortuna

333 2396 338 2405 '
461 2392 656 2458 oriebantur.
700 2390 802 2456 Erant
834 2389 1032 2476 syllabarum
1060 2390 1353 2477 vocabulorumque
1386 2390 1488 2477 dupii-

460 2496 614 2577 cationes,
638 2503 730 2558 erant
747 2490 921 2557 verborum
943 2514 984 2559 ex
1003 2514 1067 2558 uno
1089 2494 1122 2557 in
1146 2491 1282 2558 alterum
1306 2492 1414 2559 locum
1434 2490 1488 2557 vel

460 2618 589 2664 versum
611 2597 890 2683 transgressiones,
916 2618 999 2681 quae
1021 2598 1128 2662 omnia
1149 2581 1324 2682 archetypo
1343 2596 1413 2681 jam
1434 2593 1487 2659 de·

458 2701 606 2768 trimento
628 2699 727 2766 fuisse
749 2698 899 2765 vidimus.
956 2697 1063 2787 gitque
1084 2698 1145 2763 hoc
1167 2720 1269 2764 unum
1291 2696 1486 2764 additamen-

457 2813 562 2870 torum
584 2812 634 2869 est
652 2825 765 2888 genus.
820 2801 917 2882 Quod
940 2803 1083 2888 sequitur
1102 2800 1238 2866 alterum
1261 2803 1295 2865 in
1319 2802 1358 2866 iis
1376 2821 1485 2868 versc-
1512 2879 1516 2886 ἱ

457 2917 510 2972 tur
529 2905 765 2987 additamentis,
804 2926 888 2990 quae
911 2912 965 2968 aut
987 2903 1133 2969 consulto
1162 2903 1355 2991 interpolata
1378 2913 1410 2969 et
1428 2905 1485 2968 im·

458 3017 586 3096 portata
607 3017 692 3090 sunt,
729 3015 784 3072 aut
805 3015 891 3072 certe
915 3027 956 3070 ex
978 3005 1097 3072 notulis
1120 3006 1486 3092 interpretamentisque,

457 3113 574 3199 partim
603 3112 819 3175 intercursus
843 3109 961 3196 partim
992 3109 1026 3172 in
1049 3109 1195 3194 margine
1217 3107 1381 3196 appositis,
1418 3108 1488 3170 sive

458 3235 536 3280 casu
557 3215 625 3280 sive
645 3212 821 3278 scribarum
843 3211 973 3274 inscitie
993 3220 1025 3276 et
1051 3210 1266 3297 imprudentia
1286 3211 1319 3274 in
1341 3208 1487 3274 ordinem

457 3314 629 3382 verborum
650 3337 671 3380 a
692 3315 850 3400 scriptore
870 3315 1076 3378 constitutum
1106 3310 1485 3379 introitum‘habuerunt.

457 3420 565 3505 Atque
607 3414 933 3504 interpolamenta
975 3438 996 3482 a
1037 3414 1288 3498 recentioribus,
1345 3415 1488 3478 maxime

334 3549 343 3564 ‘
457 3521 570 3587 Herm.
606 3529 638 3584 et
669 3519 757 3600 Tur,
799 3518 879 3583 haec
914 3517 1086 3604 praecipue
1129 3527 1254 3583 exstare
1282 3515 1486 3604 judicantur:

458 3622 559 3689 verbu
580 3619 644 3686 ὅσα
663 3646 700 3685 τε
722 3619 761 3707 μὴ
783 3641 858 3707 pag.
880 3615 982 3688 967Ε.
1036 3619 1205 3707 Leguntur·
1226 3621 1313 3684 enim
1334 3621 1368 3684 in
1392 3617 1486 3686 codd.

406 3732 417 3746 ‘
457 3725 551 3791 haec:
581 3717 613 3801 ὃς
627 3718 668 3788 ἂν
686 3759 727 3773 -
742 3719 998 3808 συνθεασάμενος
1011 3723 1179 3809 χρήσηται,
1192 3759 1234 3770 --
1257 3714 1321 3786 ὅσα
1334 3747 1372 3786 τε
1390 3718 1488 3805 λόγον

457 3833 528 3914 ἔχει,
565 3825 692 3891 τούτων
713 3825 852 3902 δυ’νατος
875 3821 893 3910 ᾗ
915 3827 1026 3888 δοῦναι
1055 3823 1117 3890 τᾶν
1143 3823 1251 3908 λόγον,
1287 3818 1351 3888 ὅσα
1380 3849 1416 3888 τε
1436 3820 1486 3908 μή.

456 3931 501 3997 At
522 3939 656 4018 apparet
687 3931 780 3995 istam
803 3927 988 3992 facultatem
1010 3928 1068 3992 vix
1089 3949 1183 4015 posse
1204 3927 1372 4015 possideri.
1428 3924 1489 3991 Est

458 4053 536 4100 sane
563 4032 751 4097 somniantis
784 4029 911 4097 scribac
946 4029 1207 4099 additamentum.
1244 4067 1286 4080 -
1322 4025 1488 4112 δύναμιν

456 4131 549 4204 6910
572 4136 606 4198 in
630 4135 799 4200 enunciata
828 4130 885 4198 ἐσίν
906 4157 955 4209 τις
978 4134 1104 4219 μείζονα
1125 4134 1199 4218 διδῷ
1229 4145 1299 4209 τοῖς
1331 4130 1490 4210 ἐλαίττσσιΙ

456 4236 619 4323 δύναμιν
640 4238 762 4325 παριεὶς
781 4233 824 4299 τὸ
840 4236 966 4324 μέτριον
984 4237 1108 4312 πλοίοις
1121 4257 1158 4298 τε
1172 4237 1264 4298 ἱστία
1285 4236 1340 4298 καὶ
1361 4229 1488 4319 σώμασι

456 4337 580 4428 τροφὴν
601 4341 656 4403 καὶ
685 4346 802 4425 ψυχαῖς
833 4336 1174 4426 ἅρχοῖςνίνατρέπεται
1194 4363 1260 4402 που
1280 4336 1396 4401 πάντα
1416 4338 1486 4399 κτλ.

455 4439 529 4512 Jam
548 4443 650 4527 vides,
685 4464 782 4531 quam
811 4444 920 4531 inepte
944 4440 1108 4530 adjectivis
1130 4441 1193 4508 illis
1217 4442 1259 4510 de
1288 4439 1488 4508 industrias

455 4545 612 4635 scriptore
631 4554 745 4613 neutro
767 4567 887 4632 genere
904 4545 1029 4632 positis,
1061 4556 1098 4610 ut
1117 4545 1165 4628 iis,
1195 4565 1278 4633 quae
1299 4553 1486 4632 sequuntm,
