3567 5500
947 726 990 857 aa

456 1000 529 1067 quo
552 988 706 1065 tempore,
740 981 775 1042 in
795 980 1011 1065 propinquam
1032 979 1197 1043 notionem
1219 976 1308 1059 abiit,
1345 986 1381 1042 ut
1400 972 1483 1043 esset

456 1082 513 1167 qui
535 1091 687 1168 quoque
709 1090 854 1167 tempore
873 1080 1006 1163 (walcbcr
1029 1082 1149 1165 immor)
1156 1108 1167 1156 ;
1201 1102 1263 1145 nec
1291 1078 1384 1145 aliter
1410 1078 1481 1145 lati-

454 1204 570 1247 norum
592 1183 786 1271 cumque*),
820 1182 907 1270 quod
930 1204 1030 1270 quum
1054 1182 1134 1247 nihil
1156 1184 1218 1247 nisi
1246 1182 1481 1269 quandoque
1542 1178 1544 1184 ⁴

456 1294 539 1348 esset
561 1289 770 1371 (quamquam
798 1306 865 1349 non
887 1278 932 1349 sic
962 1294 1152 1371 usurpatum
1183 1294 1246 1368 est;
1278 1283 1354 1350 vide
1377 1283 1482 1349 Lach-

454 1408 552 1451 mann
575 1396 745 1451 comment.
769 1388 811 1451 ad
830 1385 958 1452 Lucret.
977 1410 1051 1474 pag.
1073 1381 1164 1471 288),
1201 1386 1345 1451 relativis
1376 1388 1402 1450 si
1428 1384 1482 1450 ad-

453 1488 619 1571 haerebat,
644 1487 878 1553 distributivam
900 1490 966 1553 vim
985 1487 1134 1554 habebat.
1176 1480 1382 1554 Manifestum
1402 1507 1480 1553 vero

454 1588 542 1653 hunc
576 1589 817 1675 significationis
849 1592 1021 1655 transitum
1054 1590 1324 1677 deprehendimus
1354 1591 1390 1671 in
1412 1610 1481 1673 ger·

454 1694 579 1756 manico
596 1693 629 1779 je
651 1692 739 1778 quod
759 1694 793 1757 in
814 1691 947 1757 vocibus
968 1693 1103 1779 januensi,
1134 1693 1244 1779 jornals
1266 1701 1314 1757 est
1338 1690 1371 1754 id
1393 1689 1481 1777 quod

359 1812 362 1820 ’
454 1792 582 1878 aliquis,
619 1794 806 1880 aliquando,
841 1796 875 1858 in
891 1795 987 1881 jeder
1006 1816 1071 1859 non
1094 1793 1136 1858 ad
1158 1816 1258 1858 unum
1278 1793 1335 1858 sed
1356 1792 1398 1857 ad
1419 1794 1503 1861 sin·.

452 1894 546 1980 gulos
580 1895 711 1981 respicit
743 1895 905 1984 (idemque
928 1898 1014 1984 jeder
1048 1918 1120 1961 cum
1153 1895 1355 1961 distributiva
1386 1893 1480 1959 simul

452 1998 667 2063 universalem
691 2001 757 2063 vim
781 2001 961 2085 assumpsit,
996 2020 1061 2084 qua
1081 1997 1168 2063 haud
1190 1996 1303 2084 procul
1326 1996 1418 2061 abest
1440 1996 1480 2060 ab

452 2100 516 2165 alle.
571 2099 640 2165 Nec
661 2102 767 2167 minus
790 2123 888 2188 quam
911 2110 1055 2166 nostrum
1086 2104 1189 2166 incusor
1212 2122 1400 2185 graeculum
1431 2096 1480 2159 ἀεὶ

452 2202 668 2267 universalem
700 2226 772 2268 cum
808 2203 1011 2269 distributiva
1042 2204 1075 2267 vi
1102 2204 1255 2290 conjugat
1283 2201 1323 2266 cf.
1348 2200 1478 2286 Krtlger

451 2326 499 2388 gr.
522 2326 570 2389 gr.
596 2301 693 2394 §.bib
716 2301 749 2386 8,
768 2301 789 2371 9
808 2315 840 2370 et
861 2301 912 2387 10,
930 2302 974 2385 5).
1017 2304 1259 2371 Distributionis
1283 2312 1389 2369 autem
1410 2306 1476 2368 vim

450 2408 485 2470 in
508 2406 649 2473 relativis
671 2408 843 2472 indefinitis
861 2409 977 2483 inesse,
1002 2430 1068 2472 non
1090 2414 1216 2471 tantum
1240 2429 1281 2472 ex
1302 2405 1477 2493 particulae

451 2518 566 2574 natura
589 2519 645 2575 aut
662 2510 870 2574 finitimarum
893 2508 1078 2593 linguarum
1102 2508 1311 2573 similitudine
1334 2515 1477 2594 apparet,

359 2627 363 2637 ’
451 2611 508 2677 aad
538 2610 717 2678 luculenter
752 2614 848 2676 etiam
877 2610 1190 2699 doceturexemplis
1215 2611 1343 2691 talibus,
1381 2608 1475 2696 quale

451 2712 532 2778 illud
554 2723 612 2796 est,
650 2714 738 2803 quod
760 2712 914 2780 Matthiae
936 2736 982 2799 gr.
1005 2736 1053 2800 gr.
1078 2712 1112 2804 ξ.
1134 2709 1199 2781 483
1222 2736 1264 2780 ex
1287 2710 1476 2799 Thucydide

449 2812 564 2897 VH,7
597 2818 691 2880 affert
716 2818 919 2904 πρέσβεις-
942 2814 1187 2900 ἀπεστάλησαν,
1227 2811 1310 2892 ὅπως
1334 2812 1476 2900 στρατιὰ

357 2935 361 2939 “
449 2923 496 2978 dtr
517 2923 678 3003 περαιωθῇ
697 2914 808 3003 τρόπῳ
829 2914 917 3003 ᾧᾶν,
941 2923 972 2983 ἐν
994 2920 1128 2982 ὁλκοῖσιν
1147 2913 1164 2994 ἢ
1186 2921 1306 2993 πλοίοις
1325 2910 1343 2992 ἢ
1363 2913 1474 2996 ἄλλως,

449 3012 533 3095 ὅπως
555 3012 596 3082 ἄν
619 3031 776 3108 προχωρῇ,
813 3020 869 3086 ubi
891 3021 1050 3109 particula
1067 3016 1089 3096 ἢ
1111 3022 1251 3106 singula,
1288 3041 1371 3107 quae
1388 3021 1476 3105 ‘cogi-

424 3124 510 3192 .tari
528 3132 673 3209 possunt,
703 3133 910 3212 exponuntur
933 3134 965 3188 et
986 3122 1226 3190 distribuuntur.

533 3223 636 3309 Signa
657 3237 765 3291 autem
787 3226 844 3292 illa
874 3227 1038 3308 indefiniti,
1076 3225 1337 3314 quandoquidem
1364 3224 1406 3289 ad
1426 3214 1504 3315 ref*

341 3391 345 3396 ,
447 3326 547 3391 lativa
569 3328 642 3415 ipsa
671 3350 733 3392 nec
755 3327 819 3393 alio
844 3329 1015 3415 pertinent,
1050 3351 1145 3393 nemo
1175 3327 1352 3409 mirabitur,
1388 3326 1476 3414 quod

445 3449 552 3514 neque
579 3429 613 3494 iu
630 3438 742 3494 nostra
761 3428 872 3516 lingua
893 3451 1000 3518 neque
1014 3431 1107 3518 'apud
1125 3429 1239 3496 latinos
1260 3452 1366 3517 neque
1388 3429 1475 3516 apud

445 3552 578 3614 graecos
600 3529 745 3616 longiore
766 3532 935 3599 intervallo
952 3557 971 3597 a
992 3536 1181 3620 pronomine
1201 3533 1342 3619 separari
1361 3531 1472 3597 solent.

448 3632 539 3712 Quae
560 3632 616 3698 lex
637 3634 725 3720 apud
746 3656 878 3720 graccos
903 3635 1043 3723 quidem,
1075 3635 1162 3723 quod
1183 3637 1292 3717 sciam,
1321 3655 1386 3699 non
1409 3636 1473 3699 vio·

418 3735 544 3823 -latur3
579 3759 655 3802 nam
682 3735 855 3824 particulas
881 3746 1004 3804 tanturn
1026 3738 1078 3804 vel
1104 3738 1183 3802 alias
1206 3739 1298 3824 parvi
1320 3739 1473 3803 momenti

444 3839 577 3904 voculas
599 3842 804 3926 interponere
826 3839 910 3922 licet,
947 3841 1052 3906 latinis
1075 3851 1183 3906 autern
1204 3839 1315 3926 paullo
1340 3839 1473 3906 liberior

445 3963 522 4008 usus
544 3952 621 4007 erat.

528 4042 621 4108 Haec
642 4046 741 4129 igitur
764 4045 791 4108 si
815 4044 901 4109 illius
933 4046 1018 4129 signi
1038 4055 1181 4132 potestas
1214 4059 1252 4110 'ao
1275 4056 1391 4114 natura
1414 4055 1470 4130 est,

1171 4159 1188 4188 a

512 4320 533 4386 *l
569 4320 677 4384 Syllaba
695 4335 745 4385 que
763 4319 953 4387 interrogativa
975 4325 1001 4371 at
1024 4319 1160 4375 indefinita
1178 4326 1215 4374 est
1234 4337 1282 4374 neo
1300 4321 1406 4374 diversa
1423 4322 1471 4374 illa

442 4405 548 4470 quidem
566 4422 582 4454 a
598 4420 752 4471 graecorum
770 4423 807 4470 rs,
836 4424 873 4457 κα
890 4406 919 4455 in
937 4395 983 4458 ὅτε
1001 4413 1027 4457 et
1045 4395 1098 4460 ὅκα
1117 4413 1166 4460 etc.
1184 4409 1242 4474 (nec
1260 4409 1331 4458 uliud
1350 4425 1392 4460 rav
1413 4410 1469 4459 sive

442 4491 511 4570 apud
528 4492 605 4543 dores
623 4509 669 4552 κα,
691 4491 760 4557 quod
777 4491 846 4544 idem
864 4492 972 4543 valebat
990 4497 1068 4560 utque
1088 4485 1150 4562 dvi)
1162 4495 1195 4546 cf.
1215 4493 1246 4547 G.
1261 4495 1365 4546 Curtius
1382 4495 1469 4562 Etym.

442 4577 736 4646 msspffluffl
