3567 5500
804 784 849 862 95

312 975 470 1070 έμεταξιί
491 976 556 1069 ἄρα
578 992 636 1045 νῦν
657 980 694 1057 δὴ
719 977 908 1069 ἀμφοτέροιν
931 987 1051 1069 ἔφαμεν
1075 980 1156 1045 εἶναι
1184 974 1244 1055 τὴν
1266 976 1340 1053 ἧσο·

311 1088 395 1171 χίαν,
432 1085 535 1148 τοῦτό
556 1109 639 1148 ποτε
660 1080 829 1170 ἀμφότερα
856 1089 961 1161 ἔσται,
983 1080 1081 1167 Υλιίπη
1102 1109 1139 1145 τε
1160 1084 1215 1143 καὶ
1237 1079 1341 1157 ἡδονή.

311 1189 412 1275 Atqui
435 1188 497 1253 hoc
529 1186 611 1268 loco,
649 1187 727 1272 quid
760 1185 895 1251 relativo
920 1178 956 1261 ἣν
983 1186 1121 1271 intelligi
1153 1182 1232 1269 velit
1267 1186 1342 1249 scri·
1392 1214 1404 1243 ι

312 1301 395 1377 pter,
420 1289 500 1355 adeo
521 1312 588 1353 non
611 1288 827 1375 explicatione
847 1298 931 1373 eget,
962 1299 997 1353 ut
1017 1309 1149 1374 prorsus
1172 1288 1206 1351 in
1228 1296 1340 1371 aperto

312 1394 362 1457 sit.
404 1393 490 1457 Nam
510 1390 552 1455 ad
570 1400 674 1455 certas
693 1392 838 1455 notiones
857 1390 939 1473 illas,
963 1412 1045 1477 quae
1065 1388 1272 1476 praecedunt,
1292 1410 1341 1453 re-

312 1494 422 1558 fertur.
466 1493 581 1579 Itaque
602 1492 644 1558 ab
666 1492 722 1557 illo
743 1514 863 1576 genere
885 1493 1023 1557 multum
1043 1491 1163 1581 differt..
1192 1488 1258 1555 Sed
1280 1489 1342 1555 for·

312 1597 393 1660 sitan
415 1595 479 1660 alia
501 1597 581 1659 ratio
604 1596 701 1659 alicui
724 1594 757 1657 in
776 1604 926 1659 mentem
947 1595 1065 1675 veniat,
1104 1602 1138 1655 ut
1160 1584 1195 1667 ἣν
1217 1590 1341 1677 praedi·

296 1707 418 1761 ‚catum
448 1695 490 1761 ad
515 1696 679 1782 objectum
711 1693 881 1760 advolvor
906 1719 975 1761 esse
1010 1704 1127 1761 statuat
1161 1703 1192 1758 et
1222 1700 1340 1759 vertat:
1382 1702 1386 1707 “

313 1800 358 1863 als
380 1823 444 1863 νισι
466 1800 513 1880 (d.
535 1800 562 1862 l.
586 1799 634 1863 als
664 1797 762 1862 Weide
784 1800 847 1863 uad
868 1799 993 1883 Schera)
1017 1820 1047 1862 er
1070 1798 1126 1862 den
1155 1797 1238 1861 Wein
1268 1798 1339 1881 pub.

311 1901 364 1981 At,
400 1898 731 1986 praeterquamquod
764 1901 966 1985 paucissimis
999 1898 1156 1986 ejusmodi
1181 1907 1342 1963 construc-

311 2004 431 2066 tionem
455 2002 633 2066 'Platonem
667 2000 795 2066 decere.
818 2002 1075 2087 persuadebitur,
1115 2002 1340 2085 gravissimum

311 2104 577 2190 impedimentum
596 2102 689 2192 adest
710 2104 822 2167 tertius
844 2107 1047 2169 accusativus
1071 2106 1236 2189 ἐπίκουρον
1258 2116 1335 2189 φορ,

311 2230 420 2290 μακον.
475 2205 507 2269 Is
529 2206 682 2269 nimirum
699 2206 777 2290 jam
792 2206 967 2291 praedicati
991 2206 1097 2271 locum
1115 2204 1176 2267 τὸν
1196 2206 1284 2267 οἶνον
1305 2204 1341 2268 il-

311 2308 477 2373 lustrantis
517 2309 695 2393 occupavit.
757 2307 844 2387 Quid
880 2306 1004 2373 multa?
1063 2308 1194 2395 Optime
1232 2306 1341 2371 omnia
1401 2330 1405 2337 ·

311 2408 421 2493 fluent,
444 2411 472 2474 si
491 2409 593 2474 verba
614 2408 677 2473 τίν
698 2410 786 2473 οἶνον
805 2433 872 2474 non
893 2410 1039 2475 Platonis
1060 2411 1117 2475 sed
1140 2410 1262 2474 librarii
1284 2408 1340 2473 ali·

312 2515 402 2598 cujus
426 2513 720 2596 interpretationem
741 2512 783 2576 ad
804 2510 949 2589 παιδιοίν,
984 2516 1060 2577 satis
1081 2512 1222 2598 profecto
1247 2512 1340 2575 inuti-

312 2614 386 2696 lem,
423 2636 494 2679 esse
528 2615 742 2695 statuerimus.
799 2614 859 2690 His
893 2616 991 2698 igitur
1021 2616 1152 2679 remotis
1175 2606 1212 2687 liv
1234 2613 1339 2698 objec-

313 2726 381 2781 tum
415 2726 464 2782 est
483 2714 574 2782 verbi
608 2713 788 2800 δωρήσατο,
826 2718 990 2803 ἐπίκουρον
1027 2726 1134 2782 autem
1170 2711 1340 2802 φάρμακον

314 2819 487 2903 praedicati
507 2841 641 2884 munere
661 2819 812 2903 fungitur.

399 2917 492 2993 7450
508 2922 644 2990 haecsin
662 2920 856 2986 editionibus
877 2920 1045 3006 leguntur:
1076 2920 1204 3007 κλήρους
1224 2921 1258 2982 δὲ
1281 2922 1338 2982 διε-

311 3026 377 3086 λεῖν
404 3021 653 3108 τετταράκοντα
680 3025 734 3085 καί
766 3025 1041 3106 πεντακισχιλίους
1072 3021 1200 3088 τούτων
1229 3047 1265 3086 τε
1281 3018 1339 3118 ¹ud

310 3127 385 3209 δίχα
405 3124 525 3209 τέμνειν
546 3125 685 3188 ἕκαστον
708 3126 762 3186 καὶ
789 3126 1003 3211 ξυγκληριίσαι
1022 3123 1081 3188 δύο
1102 3123 1256 3211 τμήματα
1278 3134 1340 3186 τοῦ

310 3227 339 3289 τ’
361 3225 448 3310 ἐχχιίς
469 3229 605 3291 καὶτοῦ
626 3223 731 3313 πόρρω
750 3228 929 3311 μετέχοντα
948 3225 1114 3314 ἐκοίτερον·
1138 3225 1187 3296 τὰ,
1201 3224 1278 3312 πρὸς
1298 3235 1339 3310 τῇ

310 3327 400 3392 πόλει
419 3330 507 3415 μέρος
528 3327 575 3414 τῷ
595 3326 673 3415 πρὸς
691 3339 762 3405 τοῖς
779 3326 928 3412 ἐσχάτοις
950 3330 991 3406 εἷς
1012 3333 1120 3416 κλῆρος
1138 3332 1192 3394 καὶ
1212 3327 1252 3392 τὸ
1272 3325 1338 3391 dsv'-

310 3455 401 3516 τερον
434 3429 502 3494 dard
533 3429 652 3508 πόλεως
685 3441 731 3516 τῷ
764 3429 820 3495 ἀπ’
855 3429 1002 3514 ἐσχάτοιν
1042 3433 1173 3519 δευτέρῳ
1205 3434 1259 3494 καί
1292 3423 1338 3494 τοί

310 3530 396 3596 ἄλλα
415 3526 499 3596 οὕτω
520 3531 650 3611 πάντας
673 3557 779 3621 neque
801 3533 893 3598 aliter
916 3534 1054 3600 codices.
1082 3535 1196 3601 Stallb.
1216 3534 1256 3599 de
1277 3535 1340 3598 hoc

310 3635 381 3700 loco
405 3659 537 3722 prorsus
558 3636 716 3724 desperat.
772 3635 857 3701 Sunt
878 3639 963 3700 enirn
987 3639 1017 3701 ei
1041 3637 1170 3704 obviam
1194 3637 1254 3702 hae
1274 3659 1339 3701 ma-

309 3740 397 3802 xime
419 3738 642 3805 difficultates:
1194 3815 1197 3822 .

374 3839 403 3909 1.
433 3834 556 3926 'Aegre
579 3842 650 3923 fert,
688 3840 847 3927 ἑκοίτερον,
884 3851 920 3905 ut
948 3864 1034 3908 nuno
1057 3842 1158 3908 verba
1181 3843 1339 3926 legantur,

311 3943 558 4029 explicationem
585 3967 652 4011 non
679 3942 809 4025 habere,
846 3945 922 4030 quia
940 3954 1083 4032 utraque
1113 3944 1240 4011 illarum
1269 3967 1339 4031 par-

312 4048 391 4110 tium
414 4048 582 4133 utriusque
602 4047 665 4111 loci
685 4053 729 4126 (et
750 4068 851 4134 prope
871 4047 951 4112 fines
972 4056 1002 4112 ct
1024 4070 1125 4136 prope
1148 4070 1256 4113 muros
1275 4049 1337 4127 siti)

310 4149 482 4234 participes
505 4171 662 4216 essenon
684 4151 819 4236 possint.

371 4244 403 4315 2.
448 4250 592 4317 Offendit
611 4253 646 4315 iu
667 4251 823 4337 asyndeto
845 4263 919 4338 post
939 4252 1097 4338 ἑκοίτερον.

373 4347 404 4416 3.
446 4354 555 4437 Negat
586 4355 628 4430 είς
659 4377 733 4420 aum
764 4355 873 4422 dativo
903 4358 1056 4444 conjungi
1089 4379 1194 4443 posse,
1234 4363 1269 4419 ut
1298 4355 1340 4420 sit

309 4455 404 4538 idem,
438 4454 527 4542 quod
545 4458 753 4541 conjunctum
776 4458 873 4523 alicui
895 4460 951 4541 rei,
988 4458 1022 4522 id
1047 4459 1133 4546 quod
1155 4458 1264 4524 Aetius
1285 4481 1339 4522 vo·

245 4634 251 4644 (
308 4557 419 4624 luerat.
462 4558 592 4624 Poterat
612 4558 697 4644 addi,
733 4561 916 4648 praedicato
943 4563 1075 4627 omnino
1098 4583 1206 4628 carere
1234 4569 1338 4648 poste·
