3567 5500
950 789 993 862 32

459 978 582 1067 pitsius
598 980 710 1068 colligi
733 991 831 1069 atque
847 983 956 1070 condi,
982 1003 1045 1069 quo
1064 985 1180 1068 magis,
1212 981 1372 1070 siquidem
1388 1003 1427 1046 ea
1441 991 1488 1048 est

459 1082 589 1148 illorum
604 1084 752 1150 codicum
767 1061 917 1164 conditid,
951 1085 1080 1172 qualem
1102 1084 1220 1152 tabulis
1243 1083 1339 1149 modo
1362 1087 1488 1171 aperui-

459 1208 542 1267 mus,
582 1187 688 1272 ipsum
716 1189 787 1274 jam
809 1198 953 1252 nostrum
976 1187 1017 1253 do
1038 1187 1103 1253 illis
1127 1187 1291 1254 codicibus
1314 1186 1485 1274 judicium,

367 1277 371 1287 ¹
460 1288 547 1374 quod
568 1288 675 1354 adhuc
698 1293 775 1355 satis
798 1291 927 1355 firmum
950 1299 980 1356 et
1003 1289 1141 1356 solidum
1162 1312 1232 1356 esse
1251 1288 1429 1371 videbatur,
1452 1289 1487 1352 in
1591 1321 1594 1330 v

461 1390 635 1456 discrimen
667 1391 846 1460 adducitur.
903 1393 1012 1480 Atque
1034 1392 1186 1457 Vaticani
1216 1391 1347 1480 quidem
1369 1399 1487 1456 natura

461 1503 493 1557 et
515 1495 691 1559 auctoritas
712 1493 763 1560 his
793 1497 879 1561 vitiis
905 1518 978 1560 cum
1000 1497 1051 1577 iis,
1089 1518 1174 1582 quae
1203 1517 1300 1583 supra
1327 1496 1394 1581 ejus
1415 1513 1487 1580 pro-

459 1597 532 1682 pn'a
563 1617 634 1660 esse
662 1599 803 1674 narravi,
842 1600 1035 1685 comparatis
1066 1597 1127 1662 sibi
1157 1606 1308 1664 constans
1330 1596 1488 1661 mansisse

459 1699 646 1782 reperietur.
702 1697 785 1763 Sunt
818 1701 951 1766 eaedem
983 1685 1055 1765 sere
1081 1698 1253 1764 verborum
1286 1699 1486 1776 omissiones,

460 1799 688 1882 mutilationes,
710 1791 910 1888 syllabarum
929 1801 1157 1888 vocaliumque
1171 1795 1384 1881 mutationes,
1407 1822 1488 1886 quas

461 1911 558 1966 antea
579 1903 615 1966 in
634 1924 671 1966 eo
695 1906 915 1989 cognovimus.
1151 1907 1155 1916 '

497 2026 502 2035 ⁴
532 2003 798 2096 Sed'Parisinum
823 2028 886 2094 quc
918 2009 1049 2094 propius
1074 2006 1161 2071 illius
1191 2005 1435 2071 similitudinem
1456 2012 1489 2067 et

460 2108 734 2194 propinquitatem
765 2108 910 2186 accedat,
946 2132 983 2174 eo
1016 2109 1144 2194 longius
1167 2131 1187 2173 a
1213 2111 1321 2195 priore
1349 2129 1408 2171 sua
1428 2107 1489 2170 vir·

459 2218 526 2273 tute
548 2219 580 2274 et
606 2209 774 2275 nobilitate
804 2210 956 2276 recedere
986 2212 1181 2276 conveniens
1204 2220 1266 2294 est3
1310 2232 1374 2274 nee
1393 2209 1487 2273 unius

459 2311 600 2377 Parisini
628 2314 801 2377 auctoritas
830 2313 904 2393 sed,
950 2314 1212 2401 quandoquidem
1244 2323 1275 2377 et
1305 2315 1376 2400 ipse
1407 2319 1489 2375 cete-

459 2417 507 2479 ris
534 2413 685 2480 omnibms
713 2413 846 2480 testibus
869 2427 938 2481 erat
966 2418 1180 2503 praestantior
1203 2425 1234 2480 et
1251 2416 1388 2496 tirmior,
1425 2415 1486 2477 nisi

460 2539 546 2583 nova
566 2516 716 2582 alicunde
739 2518 936 2582 adminicula
958 2517 1214 2604 suppeditantur,
1239 2539 1400 2610 summum
1417 2518 1487 2602 jam

459 2622 559 2686 instat
577 2619 768 2706 periculum,
788 2644 830 2686 ne
851 2631 955 2687 totum
969 2620 1085 2707 judicii
1104 2620 1351 2685 fundamentum
1372 2616 1485 2683 stabile

459 2733 554 2789 antea
569 2732 602 2789 et
617 2723 757 2789 solidum
778 2723 1009 2790 labefactatum
1024 2723 1202 2789 videamus.
1236 2723 1281 2788 At
1296 2723 1330 2787 in
1346 2722 1415 2808 ipso
1424 2741 1487 2807 ap-

459 2837 574 2913 paratu
605 2834 717 2891 nostro
745 2837 919 2913 supersunt
941 2825 1093 2903 subsidia,
1133 2849 1216 2912 quae
1239 2825 1390 2890 advocari
1420 2844 1485 2907 non

381 3014 385 3022 ι
458 2928 556 2995 modo
576 2929 712 3015 possint,
738 2928 795 2993 sed
810 2928 971 2993 debeant:
992 2928 1191 2993 Vossianum
1213 2927 1285 2993 dico
1301 2936 1332 2991 et
1353 2908 1486 2989 deterio-

458 3051 531 3095 rum
549 3032 721 3118 oonjimota
743 3029 890 3096 codicum
911 3030 1103 3095 testimonia.
1146 3030 1254 3117 Atque
1275 3029 1484 3107 Vossianum,

458 3136 486 3198 si
508 3143 631 3221 quanta
652 3134 693 3197 sit
716 3136 784 3220 ejus
806 3134 1004 3220 praestantia
1025 3134 1277 3214 meminerimus,
1310 3131 1432 3196 bonum
1454 3139 1486 3193 et

457 3238 585 3301 firmum
606 3236 674 3300 fore
693 3235 938 3301 fundamentum
960 3235 1231 3323 exspectabimus,
1267 3257 1363 3321 quem
1386 3254 1428 3297 ne
1450 3236 1484 3295 in
1506 3296 1509 3307 ¹

457 3337 683 3427 posterioribus
709 3337 840 3424 quidem
863 3337 952 3403 libris
974 3361 1016 3402 ex
1036 3346 1082 3403 tot
1105 3336 1374 3423 corruptionibus,
1401 3344 1486 3421 vquot

456 3442 656 3522 Parisinum,
701 3442 756 3528 qui
791 3451 887 3506 antea
919 3440 967 3504 illi
998 3462 1058 3526 par
1086 3448 1154 3503 erat
1188 3439 1390 3523 integritate,
1432 3437 1485 3502 de-

456 3544 533 3610 inde
554 3544 702 3609 affectum
721 3542 874 3627 vidimus,
899 3542 1046 3607 laborare
1063 3540 1269 3607 confidemus.
1314 3540 1399 3605 Nam
1422 3538 1484 3603 hoc

456 3669 498 3711 ex
515 3645 701 3711 Ruhnkenii
724 3649 898 3733 excerptis,
937 3645 999 3709 nisi
1020 3642 1223 3729 negligenter
1253 3646 1359 3710 virum
1388 3642 1485 3707 soler·

456 3751 613 3814 tissimum
634 3771 766 3813 munere
783 3756 841 3814 suo
863 3748 1010 3811 functum
1029 3768 1099 3811 esse
1114 3753 1245 3829 statuas,
1269 3745 1411 3812 dilucide
1430 3766 1484 3831 ap·

455 3859 566 3938 paret,
589 3874 609 3915 a
633 3874 696 3937 quo
719 3851 812 3916 nulla
835 3851 980 3915 omnium
1001 3847 1130 3912 illarum
1152 3845 1342 3913 lacunarum
1364 3848 1483 3912 mentio

454 3954 542 4017 facta
562 3962 620 4029 est,
650 3976 731 4040 quas
752 3957 786 4017 in
808 3953 955 4017 Parisino
977 3953 1082 4013 inesse
1106 3959 1240 4015 constat.
1285 3952 1357 4031 Quo
1380 3950 1484 4034 magis

456 4053 614 4135 dolemus,
644 4055 731 4141 quod
754 4063 882 4141 praeter
903 4052 962 4117 illa
982 4060 1136 4137 excerpta
1157 4052 1239 4117 nihil
1258 4077 1299 4117 cx
1321 4053 1390 4122 cod.
1411 4052 1484 4115 Lei-

455 4157 562 4222 densis
585 4159 685 4243 copiis
707 4156 829 4243 publici
846 4158 930 4242 juris
951 4155 1073 4219 factum
1094 4163 1150 4219 est.
1194 4155 1291 4236 Quod
1315 4163 1421 4219 autam
1441 4152 1485 4216 al-

454 4269 560 4325 terum
588 4281 755 4346 superesse
785 4256 963 4323 subsidium
997 4256 1149 4340 diximus,
1190 4281 1231 4323 ne
1262 4258 1324 4322 hoc
1355 4255 1485 4347 quidem

454 4364 585 4445 omninq
609 4362 770 4426 contemni
794 4369 849 4425 aut
870 4358 994 4445 negligi
1017 4359 1123 4425 debet.
1174 4360 1257 4425 Nam
1280 4362 1338 4425 etsi
1363 4382 1405 4424 ex
1427 4356 1481 4421 de-

401 4474 406 4480 '
453 4464 624 4530 terioribus
657 4465 794 4529 sumitur
814 4462 1020 4544 testimoniis,
1058 4460 1169 4548 aliqua
1188 4461 1398 4527 nihilominus
1419 4460 1484 4525 fide
