3567 5500
949 734 1013 813 104

461 934 644 1016 verborum,
679 931 767 1019 quod
788 952 895 1016 genus
918 933 1156 1021 depravationis
1178 954 1243 999 non
1267 933 1344 997 sotis
1366 928 1407 996 ab
1429 932 1496 999 edi-

460 1037 585 1103 toribus
603 1034 712 1103 adhuo
744 1038 927 1121 putaverim
948 1058 1021 1109 esse
1042 1035 1303 1101 animadversum
1328 1044 1384 1101 sut
1407 1044 1495 1101 nota·

461 1149 539 1204 tum.
597 1138 705 1226 Atque
728 1138 868 1223 primurn
890 1139 952 1204 hae
974 1140 1097 1204 ratione
1119 1160 1172 1203 me
1196 1136 1265 1203 loeo
1289 1136 1385 1203 alieni
1406 1140 1496 1203 auxi-

462 1240 535 1306 liari
556 1262 652 1328 posse
670 1260 775 1327 spero,
796 1239 923 1327 dequo
943 1240 1079 1306 multum
1101 1240 1314 1326 disceptatum
1329 1249 1388 1304 est.
1416 1240 1496 1325 Peg.

461 1344 548 1408 enim
568 1338 739 1410 895D-E
772 1364 831 1428 per
864 1342 1018 1409 editiones
1052 1342 1133 1408 haee
1168 1341 1301 1427 vulgato
1331 1351 1407 1407 sunt
1437 1342 1497 1421 (sio

460 1444 550 1534 apud
570 1444 686 1526 Bekk„
711 1443 834 1526 Herm,
859 1445 964 1523 Tur.):
1000 1443 1207 1511 Atheniensis
1231 1443 1320 1509 dicit:
1348 1528 1351 1535 .

547 1548 632 1611 Τοτὲ
649 1547 705 1631 μὲν
725 1532 807 1631 ripaeis
825 1546 967 1611 εδιαστον
986 1543 1131 1632 τούνομα
1148 1544 1391 1633 προτεινόμενον
1412 1542 1497 1609 αύτδ

461 1648 522 1714 τὸν
545 1645 644 1733 λόγον
664 1648 828 1725 ἀπαιτεῖν,
848 1646 928 1713 τότε
950 1649 983 1713 δὲ
1005 1645 1181 1733 τὸνλόγον
1204 1645 1308 1712 αὐτὸν
1330 1645 1497 1733 προτεινύ·

463 1776 556 1839 μενον
576 1752 697 1836 ἐρωτᾷν
721 1744 763 1813 αὖ
784 1746 937 1836 τοῦνομα.
971 1746 1036 1837 ἇροί
1055 1776 1088 1835 γε
1110 1748 1150 1814 τὸ
1173 1747 1298 1817 τοιόνδε
1322 1744 1364 1813 αὖ
1384 1746 1496 1833 βουλό-

461 1859 546 1940 μεθα
564 1862 622 1918 νῦν
641 1852 755 1937 λέγεινς

549 1955 688 2055 Cliniae..
711 1952 758 2018 Td
779 1966 890 2027 ποῖονς

549 2058 624 2123 Ath.
654 2052 752 2122 Ἔστι
778 2083 844 2121 που
865 2056 941 2141 δίχα
964 2058 1177 2144 διαιρούμενον
1200 2061 1233 2123 ἒν
1249 2054 1363 2134 ’ἄλλοις
1384 2083 1421 2121 τε
1442 2060 1499 2121 καὶ

466 2165 499 2226 ἐν
515 2161 648 2248 α’ριθμῷ.
691 2158 800 2244 τούτῳ
820 2157 859 2234 δὴ
873 2169 920 2243 τῷ
934 2154 1005 2223 κατ’
1026 2156 1162 2247 ἅριθμδν
1188 2155 1289 2247 ὄνομα
1302 2162 1359 2246 μὲν
1374 2157 1497 2248 ἄρτιον,

467 2262 561 2349 λόγος
582 2264 616 2326 δὲ
639 2259 771 2348 ἀριθμὸς
792 2260 1004 2347 διαιρούμενος
1024 2267 1065 2338 εἰς
1085 2262 1142 2327 ἶσα
1164 2261 1222 2326 δύο
1243 2263 1325 2349 μέρη.

553 2365 603 2432 Ol.
630 2366 707 2428 Ναί.

546 2467 623 2533 Ath.
653 2464 699 2530 Τὸ
722 2476 873 2530 τοιοῦτον
895 2464 1014 2553 φράζω.
1037 2477 1103 2553 μῶν
1116 2463 1173 2532 οὖν
1192 2468 1231 2531 ού
1246 2464 1373 2533 ταύτδν
1394 2468 1497 2531 ἑκατέ-

464 2597 521 2659 ρως
543 2566 819 2657 προςαγορεύομεν,
843 2564 885 2634 ἄν
898 2594 934 2632 τε
948 2568 1009 2634 τὸν
1030 2566 1127 2655 λόγον
1145 2568 1332 2659 ἐρωτώμενοι
1353 2568 1492 2656 τοῦνομα

447 2673 678 2762 ιοἷποδιδιῑμεν,
716 2668 757 2735 ἄν
778 2697 815 2735 τε
837 2670 983 2762 τοῦνομα
1006 2669 1066 2736 τὸν
1094 2669 1190 2758 λόγον
1220 2668 1332 2761 ἄρτιον
1362 2671 1494 2761 ὀνόματι

464 2780 519 2842 καὶ
541 2777 624 2863 λόγῳ
638 2778 715 2862 δίχα
731 2772 944 2863 διαιρούμενον
958 2773 1094 2862 ἀριθμὸν
1115 2775 1397 2865 προςαρορεύοντες
1418 2776 1497 2842 ταύ-

464 2881 525 2944 τὸν
549 2877 596 2944 ὄν.

551 2982 644 3063 Quae
667 2981 781 3048 eodem
807 2980 904 3046 modo
928 2981 962 3045 in
984 2980 1078 3052 oodd.
1112 2981 1278 3068 leguntur;
1315 2985 1379 3050 nisi
1410 2984 1499 3071 quod

464 3089 500 3154 in
528 3085 658 3172 optimis
677 3089 706 3148 A
729 3093 761 3148 et
783 3087 815 3146 u
843 3083 945 3148 index
978 3105 1136 3170 personae
1171 3093 1244 3150 ante
1275 3083 1316 3149 τὸ
1346 3095 1498 3150 τοιοῦτον

463 3183 573 3275 φράζω
595 3186 694 3270 deest,
729 3195 802 3274 post
823 3183 933 3272 φράζον
954 3185 1083 3250 additur
1103 3186 1145 3266 ⁸¹²).
1197 3187 1250 3252 De
1272 3209 1337 3275 que
1360 3209 1396 3252 re
1418 3185 1498 3274 quid

459 3288 673 3380 judicandum
695 3291 745 3372 sit,
767 3299 881 3375 postes
900 3287 1090 3354 videbimus.
1132 3289 1304 3356 Praeterea
1322 3290 1412 3377 prior
1430 3311 1497 3356 me·

463 3415 528 3460 nus
550 3391 620 3457 eod.
644 3389 718 3458 Vat.
742 3396 774 3454 u
792 3392 909 3456 omittit
930 3393 1133 3477 negationem
1156 3403 1230 3480 post
1249 3402 1315 3479 μνᾶν
1337 3387 1402 3474 οὖν,
1433 3414 1498 3480 qus

464 3506 574 3562 temen
600 3495 659 3558 vix
680 3492 794 3558 osrere‘
821 3514 1004 3579 possumus,
1039 3494 1116 3580 quia
1140 3503 1206 3580 μεῖν
1230 3497 1300 3560 sine
1323 3497 1497 3580 negatione

466 3596 697 3663 dubitationem
709 3584 843 3661 'indicat
865 3594 908 3659 of.
933 3594 1041 3681 paullo
1064 3604 1145 3679 ante,
1174 3591 1265 3663 8950
1289 3607 1355 3681 pets
1372 3593 1439 3684 Ιἄρα
1461 3623 1497 3683 με

466 3704 584 3784 ἐρωτᾷς
606 3708 637 3764 et
655 3693 758 3768 624A.
790 3693 886 3764 6771)
911 3706 970 3766 eto.
1026 3696 1177 3764 Attamen
1210 3707 1298 3786 petet
1319 3721 1339 3764 a
1360 3700 1497 3766 Platone

467 3803 555 3868 hune
575 3804 610 3867 in
626 3800 758 3866 modum
779 3800 835 3866 illa
850 3802 970 3888 scripto
985 3821 1055 3865 esse
1070 3823 1136 3865 nou
1151 3823 1254 3888 posse.
1291 3801 1378 3882 Quid
1393 3803 1496 3886 enim,

467 3927 598 3992 quaeso,
635 3902 698 3969 sibi
725 3902 796 3968 vult
815 3901 896 3967 illud
925 3900 965 3966 τὸ
994 3911 1145 3967 τοιοῦτον
1173 3901 1294 3992 φράζω,
1327 3915 1497 3993 postquam

462 4009 534 4094 jam
566 4007 674 4071 omnia
701 4027 722 4068 ο
744 4003 850 4069 Clinia
878 4013 910 4068 et
944 4003 1108 4070 intellecto
1140 4015 1171 4072 et
1201 4007 1379 4094 approbate
1413 4017 1496 4074 sunt.

466 4108 596 4174 Etenim
617 4105 699 4173 haeo
717 4105 856 4172 formula
875 4115 922 4171 est
944 4105 1201 4192 explicationem,
1226 4130 1308 4196 quse
1330 4109 1371 4175 ab
1394 4108 1495 4176 altero

536 4366 559 4434 ⁸)
592 4365 712 4418 Bekkeri
733 4364 910 4417 narrationem
935 4364 1006 4417 omni
1027 4380 1060 4418 ex
1080 4369 1155 4435 perte
1177 4367 1313 4419 sonfirmet
1335 4365 1444 4420 Felsius.
1463 4396 1497 4408 -

470 4453 556 4516 Quem
575 4456 650 4506 vetus
666 4451 745 4519 hujus
765 4451 819 4503 1οοί
837 4451 971 4520 corruptio
990 4451 1032 4516 sit,
1053 4467 1086 4504 ex
1104 4451 1217 4505 Eusebio
1238 4458 1352 4522 apparet,
1372 4456 1418 4518 qui
1437 4467 1498 4505 eum

468 4554 580 4613 prorsus
598 4536 688 4593 eodem
705 4535 782 4594 modo
800 4535 962 4610 descriptum
980 4537 1061 4590 hebet
1079 4539 1177 4611 (ρεοορ.
1198 4554 1291 4609 evang.
1310 4540 1404 4606 624A).
