3567 5500
714 765 927 906 ,65¹

302 990 390 1080 quod
412 991 606 1081 quicunque,
637 1003 734 1081 atque
768 992 854 1059 hanc
874 992 917 1059 ob
942 1016 1071 1061 causam
1103 990 1239 1061 eandem
1261 1016 1334 1063 cum

303 1086 336 1171 ὃς
356 1088 398 1158 ἂν
420 1095 479 1159 sibi
500 1097 772 1161 constructionem
795 1106 944 1183 expetere
967 1098 1242 1186 (conjunctivum).
1279 1099 1336 1163 At·

303 1218 366 1286 que
385 1196 592 1263 Hermannus
617 1198 658 1263 de
687 1220 726 1264 eo
754 1208 880 1265 tantum
909 1202 985 1285 agit,
1025 1200 1111 1288 quod
1146 1222 1334 1287 graecorum

302 1298 435 1366 relativo
459 1296 532 1365 cum
554 1300 817 1388 Oonjunctivo
839 1303 1043 1388 respondeat.
1069 1370 1071 1374 ,

389 1400 454 1467 Sed
476 1401 558 1467 illud
579 1405 675 1490 ipsc,
698 1404 786 1491 quod
804 1405 987 1491 pronomini
1008 1404 1258 1470 demonstrativo
1279 1400 1333 1470 ad-

303 1505 358 1587 dit,
395 1506 422 1568 si
445 1504 616 1569 locutionis
645 1506 712 1571 vim
735 1506 816 1570 adeo
841 1514 965 1570 mutare
991 1506 1173 1589 arbitratur,
1211 1515 1247 1571 ut
1266 1526 1357 1571 non·

298 1608 366 1695 jam
391 1628 582 1692 graecorum
605 1598 638 1682 ὃς
659 1601 700 1669 ἂν
722 1631 749 1673 o.
770 1607 863 1695 Oonj.
885 1608 944 1673 sed
967 1599 1001 1683 ὃς
1021 1606 1127 1673 solum
1150 1630 1224 1672 oum
1240 1608 1332 1695 Oonj.

303 1716 485 1774 accuratam
506 1709 800 1795 interpretationem
816 1710 986 1791 contineat,
1012 1709 1134 1792 dubito,
1153 1732 1233 1777 num
1246 1719 1333 1775 recte

304 1813 350 1875 sic
366 1809 500 1899 judicet.
553 1811 637 1876 Nam
671 1813 777 1899 „ipse“
808 1814 877 1879 vim'
907 1813 1191 1878 demonstrativam
1220 1832 1335 1898 urgere
1364 1835 1373 1851 ·

303 1924 418 2000 potest,
453 1933 514 1978 nec
536 1935 611 1978 vero
635 1913 711 1979 inde
735 1936 782 1997 ea,
820 1937 902 2001 quae
924 1914 1113 2002 pronomine
1137 1914 1334 1980 demonstra·
1358 1937 1362 1957 ¹

217 2103 220 2108 y
303 2018 369 2081 tivo
393 2006 603 2080 ostenduntur
624 2016 1003 2103 et'comprehenduntur,
1030 2015 1260 2085 distinctionem
1281 2016 1334 2081 de·

303 2120 480 2185 finitionem
500 2120 676 2205 accipiunt;
697 2120 827 2203 gravius
842 2141 914 2184 eam
928 2141 1008 2201 rem,
1032 2140 1116 2206 quae
1130 2128 1335 2203 monstratur,
1383 2160 1386 2168 ι

305 2220 439 2304 extollit,
464 2222 531 2285 sive
546 2229 624 2286 nota
637 2231 694 2304 est,
719 2223 789 2286 sive
803 2223 926 2307 ignota,
955 2243 1020 2310 qua
1035 2218 1164 2286 dicendi
1178 2223 1336 2307 gravitate

304 2347 365 2389 nec
380 2324 623 2390 demonstrativi
637 2346 698 2388 nec
712 2322 838 2387 relativi
852 2325 902 2388 vis
912 2325 1126 2409 <grammatica
1141 2324 1335 2389 immutatur.

274 2412 278 2422 ’
389 2426 454 2492 Sed
469 2427 553 2497 haec
568 2428 609 2492 de
619 2427 799 2491 Hermanni
817 2425 964 2491 doctrina
984 2426 1153 2508 sufficiant,
1177 2441 1275 2514 quam
1289 2425 1335 2490 fu·

305 2532 371 2596 sius
385 2552 570 2618 magnaque
588 2526 808 2615 exemplorum
824 2530 918 2615 copia
935 2528 1075 2593 refutare
1096 2528 1201 2594 studet
1213 2531 1333 2593 Boum-

305 2634 372 2710 ἰείη,
400 2632 724 2718 Unternrclrunpenstb.
741 2632 789 2695 dic
801 2632 909 2716 prteelu
919 2630 1009 2695 Modt
1027 2624 1226 2695 8.212-16.
1260 2629 1335 2694 Per-

309 2734 449 2819 gendum
469 2746 535 2801 'est
571 2732 614 2800 ad
651 2742 829 2798 ceterorum
863 2733 1038 2798 sententias
1072 2731 1335 2800 considerandas.

307 2837 415 2925 Atque
439 2836 596 2902 Matthiae
630 2834 760 2923 quidem
794 2845 827 2901 et
846 2836 997 2922 Krueger
1028 2839 1087 2918 (et,
1126 2845 1162 2900 ut
1197 2833 1335 2918 videtur,

304 2940 465 3031 Boiumlcio
486 2940 521 3006 S.
533 2933 598 3005 216
609 2943 669 3025 sq.)
692 2939 787 3002 etiam
806 2941 841 3004 in
859 2960 958 3025 prosa
979 2941 1121 3004 oratione
1140 2959 1212 3002 eum
1231 2959 1336 3021 usum,
1442 2958 1446 2970 ’

239 3075 244 3084 ’
305 3065 370 3131 quo
393 3036 435 3106 ἂν
455 3041 568 3107 deesse
589 3041 701 3128 possit,
726 3040 852 3105 admitti
873 3040 999 3117 volunt,
1024 3041 1170 3128 quamvis
1194 3062 1261 3104 non
1285 3039 1339 3106 ad·

305 3163 438 3210 modum
471 3142 670 3210 confidenter
701 3144 903 3207 universum
924 3142 1010 3206 hunc
1046 3142 1152 3208 locum
1188 3136 1335 3223 tractrmt,

307 3267 368 3310 nec
390 3246 431 3311 de
455 3245 591 3330 singulis
614 3244 821 3331 scriptoribus
843 3247 1013 3332 separatim
1033 3255 1139 3329 agant.

391 3347 585 3436 Bernhardy
601 3339 671 3436 jam
695 3346 878 3412 distinctius
904 3346 1044 3435 judicat,
1081 3347 1167 3412 hanc
1195 3346 1337 3428 brevita-
1419 3427 1424 3437 ι

306 3460 371 3516 tem
394 3450 482 3539 apud
504 3452 701 3538 antiquiores
724 3449 866 3535 quidem,
906 3472 1105 3538 quamquam
1125 3472 1211 3532 raro,
1248 3453 1337 3516 inve-

307 3555 382 3635 niri,
419 3575 439 3617 a
461 3555 592 3618 comicis
616 3563 725 3617 autem
747 3561 778 3616 et
799 3551 840 3616 ab
863 3555 1002 3640 optimae
1033 3554 1337 3640 aetatisscriptori·

307 3654 367 3720 bus
389 3655 489 3742 plane
511 3654 653 3720 alienam
677 3677 755 3720 esse.
911 3671 912 3674 ’

392 3757 601 3824 Heindorfius
622 3759 773 3846 denique,
810 3778 874 3843 quo
897 3777 991 3822 nemo
1014 3756 1202 3822 Platonicae
1224 3758 1338 3822 oratio·

308 3861 359 3926 nis
379 3881 523 3948 unquam
544 3863 676 3948 peritior
695 3860 757 3924 fuit
771 3860 876 3942 judex
893 3870 925 3925 et
946 3861 1154 3943 existimator,
1175 3859 1217 3925 ad
1237 3858 1339 3925 Phae·

307 3963 425 4028 donem
445 3960 479 4052 ᾗ.
492 3959 533 4029 16
554 3969 640 4050 (pag.
652 3957 735 4043 620)
758 3961 843 4028 hanc
864 3964 1056 4028 sententiam
1077 3961 1215 4049 profert:
1243 3963 1338 4049 „apto

307 4056 349 4129 dlv
371 4064 520 4148 ἀνάγκην.
553 4066 592 4130 ln
612 4065 664 4132 his
686 4063 767 4130 nihil
787 4074 954 4130 cunctatus
977 4064 1127 4131 voculam
1146 4058 1188 4128 clv
1209 4066 1337 4130 inserui.

306 4165 392 4231 Nam
413 4167 500 4256 apud
520 4168 633 4255 poetas
658 4168 770 4233 atticos
789 4169 865 4253 πρὶν
889 4168 1093 4257 subjunctivo
1119 4169 1248 4255 saepius
1266 4169 1341 4254 jun·

307 4271 405 4356 gitur,
439 4280 475 4335 ut
496 4271 573 4335 Eur.
596 4270 701 4337 Orest.
724 4265 818 4336 1216.
841 4265 935 4358 1351,
971 4271 1151 4360 eademque
1181 4281 1229 4336 est
1257 4272 1338 4335 ratio

307 4372 537 4459 particularum
562 4366 658 4457 ὅπου,
680 4373 742 4451 ebs,
766 4369 861 4461 ὄφρα,
885 4374 966 4452 incl,
990 4375 1132 4462 itemque
1154 4372 1284 4439 relativi
1306 4365 1338 4450 ὃς

308 4485 368 4569 etc.
392 4475 431 4543 cf.
455 4476 587 4564 Proteg.
609 4475 644 4566 ξ.
664 4470 716 4544 87.
767 4476 865 4563 Apud
886 4497 1004 4564 prosae
1026 4478 1198 4564 scriptores
1221 4475 1341 4562 corrigi

307 4577 493 4666 hujusmodi
527 4581 636 4646 omnia
670 4577 798 4644 debent.
857 4579 973 4667 Itaque
994 4588 1025 4644 et
1051 4579 1093 4645 de
1119 4579 1210 4666 leggr
1228 4576 1288 4645 IX.
1309 4599 1342 4666 pi
1443 4627 1446 4632 .

1133 4703 1149 4750 5
1392 4705 1395 4712 r
