3567 5500
778 798 822 873 a
850 820 854 826 ,

281 991 414 1073 adeum
434 1033 478 1051 -,
498 991 651 1072 mutator:
697 1015 797 1084 quum
820 1017 1036 1084 unaquaeque
1065 997 1165 1063 motio
1196 1016 1314 1085 aequu-

281 1099 355 1166 bilis
377 1098 603 1165 exercentibus
623 1099 837 1163 necessariam
859 1100 938 1185 ipsis
967 1108 1109 1187 praestet
1131 1096 1313 1164 flexibilita-

282 1212 346 1267 tem
368 1211 401 1267 et
421 1200 596 1288 opituletur
617 1199 711 1265 simul
734 1202 767 1265 in
791 1209 860 1266 tota
881 1202 1060 1267 saltatione.
1100 1200 1237 1266 Mutatio
1260 1221 1314 1265 au-

281 1314 347 1369 tem
374 1303 498 1368 formae
520 1299 665 1379 ἑκάστοις
688 1312 841 1389 sequente
867 1302 980 1380 αὐτοῖς
1002 1326 1067 1369 non
1087 1298 1157 1390 jam
1182 1311 1315 1367 temera·
1381 1304 1384 1311 '

283 1407 331 1471 ria
352 1405 422 1472 esse
442 1405 613 1488 videbitur,
651 1405 677 1469 si
699 1405 817 1470 collata
838 1416 942 1488 erunt,
979 1426 1062 1492 quae
1085 1426 1184 1491 supra
1206 1404 1239 1468 id
1261 1426 1314 1491 ge·

284 1531 345 1572 nus
367 1508 531 1573 attulimus
552 1506 595 1571 ab
615 1506 766 1572 omnibus
788 1507 965 1573 editoribus
986 1516 1129 1573 correcta
1149 1501 1270 1592 (put).

369 1603 471 1675 7320.
493 1608 536 1672 D.
565 1609 698 1684 ἐλπίζειν
720 1606 748 1670 d’
768 1610 818 1672 oiri
839 1617 895 1691 (sc.
917 1606 988 1695 χρὴ)
1015 1622 1085 1685 ταῖς
1105 1608 1131 1692 γ’
1157 1608 1318 1692 α’γαθσῐσι

285 1707 345 1774 τόν
373 1708 469 1792 beda
499 1704 520 1773 oi
551 1713 709 1795 δωρεῖται,
747 1711 856 1776 πόνων
886 1712 941 1796 μὲν
969 1708 1211 1775 ἐπιπιπτόντων
1240 1705 1317 1772 ἀντὶ

285 1810 430 1900 μειζόνων
453 1809 609 1889 ἐλάττους
630 1810 770 1888 ποιήσειν
793 1822 860 1876 ταῖν
881 1810 911 1875 τ’
930 1809 972 1875 αὖ
992 1822 1049 1877 νῦν
1070 1808 1242 1898 παρόντων
1265 1812 1318 1873 ἐπὶ

286 1913 327 1978 τό
350 1915 477 1999 βέλτιον
507 1912 695 2000 μεταβολάς,
732 1916 804 2001 περὶ
830 1915 864 1977 δὲ
891 1912 939 1977 ταί
967 1912 1081 1997 ἀγαθαί
1108 1915 1154 1977 τσὶ
1185 1915 1317 1978 ἐναντία

286 2014 414 2082 τούτων
439 2016 491 2079 ἀεὶ
521 2014 635 2082 πάντα
652 2013 771 2093 αὐτοῖς
800 2013 1082 2104 παραγενήσεσθαι
1104 2015 1169 2103 μετ’
1197 2013 1319 2099 ἀγαθῆς

287 2120 406 2217 τύχης..

374 2222 540 2288 Sententia
563 2223 596 2286 in
625 2231 736 2309 aperto
761 2231 826 2286 cst:
865 2244 996 2307 sperare
1020 2218 1141 2286 debent
1162 2220 1251 2302 boni,
1286 2222 1320 2284 in

289 2325 383 2392 malis
414 2325 548 2390 deorum
578 2323 639 2388 sibi
669 2324 823 2389 auxilium
844 2346 912 2388 uon
930 2323 1122 2406 defutrrrum,
1164 2321 1320 2406 inbonis,

289 2450 416 2519 semper
436 2426 524 2500 bona
551 2426 661 2491 affore.
704 2425 770 2491 Sed
799 2425 857 2490 illa
879 2425 921 2490 de
945 2426 1105 2491 felicitatis
1129 2426 1319 2506 constantia,

291 2549 388 2619 quam
410 2531 493 2593 miro
515 2528 706 2597 dictasunt!
743 2528 902 2616 quidhoc
924 2539 973 2593 est
994 2530 1065 2625 πςρὶ
1084 2526 1119 2589 δὲ
1138 2524 1184 2589 ταί
1206 2523 1320 2609 ἀγαθοὶ

290 2632 336 2696 ταί
356 2628 511 2697 ἐναντίαῖ
545 2630 678 2695 Ficinus
698 2632 795 2695 vertit
818 2630 898 2695 haec
920 2639 1095 2717 postrema:
1128 2649 1195 2712 7,σω
1218 2630 1245 2692 si
1265 2629 1342 2719 qui¹

294 2755 407 2820 graves
431 2732 558 2800 labores
580 2723 764 2815 inciderint,
788 2732 897 2798 Deum
919 2732 1057 2800 leniores
1081 2753 1135 2797 eos
1158 2729 1319 2798 facturum

295 2846 327 2902 et
349 2837 530 2922 praesentia
549 2837 582 2899 in
606 2835 720 2900 melius
739 2846 1018 2919 commutaturum,
1043 2833 1130 2898 bona
1149 2855 1226 2898 vero
1247 2853 1321 2896 con·

293 2950 344 3004 tra
365 2941 473 3003 omnia
493 2960 560 3002 una
581 2960 655 3002 cum
676 2938 763 3003 bona
781 2937 913 3003 fortuna
935 2937 996 3016 sibi
1017 2937 1145 3003 affore.“
1184 2933 1323 3000 Sensum

294 3043 329 3107 in
349 3041 545 3121 universum,
581 3049 617 3104 ut
639 3042 673 3105 in
698 3040 747 3104 his
770 3039 862 3105 libris
885 3041 975 3124 solet,
1008 3038 1113 3104 reddit
1134 3059 1194 3110 neo
1215 3047 1323 3102 tamen

293 3151 442 3208 accurate
459 3143 598 3226 vestigia
620 3143 785 3229 scriptoris
810 3145 962 3229 sequitur.
1005 3140 1185 3205 Audiamus
1197 3137 1322 3226 Voege·

294 3243 413 3308 linum:
443 3243 537 3308 Weun
560 3244 763 3330 auchtaqen
784 3246 854 3309 uber
877 3249 919 3310 sic
942 3246 1076 3309 tuamen
1096 3241 1208 3320 solitas,
1229 3242 1324 3306 uude

292 3370 323 3412 cr
344 3347 489 3412 disselbeu
509 3351 616 3411 immet·
635 3351 775 3432 putuper
801 3347 924 3411 marlico
951 3348 1013 3414 und
1036 3347 1111 3411 anob
1138 3346 1244 3422 deuon,
1276 3345 1325 3410 die

288 3449 364 3535 ἆσαι
387 3448 558 3514 verbunden
579 3450 658 3526 siud,
685 3453 767 3513 α’νισιι
782 3448 944 3538 freudi‘pcn
965 3451 1115 3534 Auspaup
1136 3448 1324 3535 vascluffen.

298 3553 349 3616 Im
370 3549 467 3616 (iuteo
489 3552 560 3614 aber
577 3552 673 3615 werde
690 3555 796 3616 immor
815 3574 896 3637 qauz
918 3550 975 3616 das
993 3543 1164 3635 Geyeotbcil
1183 3573 1240 3614 uon
1262 3551 1325 3614 dic-

297 3674 359 3718 tem
389 3655 477 3718 ibnen
505 3664 591 3717 nater
621 3651 1037 3738 praeruptaeque.
1082 3653 1127 3716 At
1158 3654 1218 3716 ista
1247 3675 1326 3737 ponz

299 3757 356 3821 dat
369 3755 542 3840 Geyenttett
558 3780 615 3820 oon
635 3756 744 3820 diesem
766 3777 832 3819 non
852 3757 960 3820 minus
976 3753 1114 3819 obscure
1136 3754 1326 3836 dictasunt,

299 3879 396 3944 quam
416 3878 532 3942 graeca
552 3855 598 3920 τοὶ
620 3859 751 3921 ἐναντία
772 3852 910 3923 τούτων.
952 3856 1037 3922 Nam
1057 3840 1196 3942 primum
1222 3857 1326 3942 quivis

299 3957 426 4024 τούτων
447 3959 564 4024 referet
586 3960 628 4025 ad
651 3956 776 4044 ἄγαθσί,
809 3958 896 4024 unde
918 3968 1027 4024 tamen
1049 3959 1206 4024 sententia
1226 3960 1329 4023 nasci·

299 4072 353 4127 tur
384 4061 481 4148 plane
514 4084 666 4148 perversa
688 4072 720 4126 et
741 4061 890 4126 absurda.
946 4061 981 4126 Si
1015 4070 1121 4128 autem
1145 4060 1187 4126 ad
1221 4057 1329 4124 πόνων

299 4164 466 4246 rettulerit,
490 4187 554 4252 quo
577 4163 753 4251 particulae
775 4164 831 4249 μὲν
853 4201 897 4236 -,
914 4164 948 4226 δὲ
971 4163 1101 4247 ducunt,
1124 4167 1159 4229 in
1180 4186 1252 4229 eam
1272 4162 1329 4227 dif-

300 4266 473 4332 ficultatem
506 4267 637 4349 incidet,
674 4275 710 4331 ut
735 4267 905 4332 Platonem
935 4267 1075 4352 primum
1106 4265 1257 4330 distincte
1285 4263 1332 4330 di-

299 4373 387 4436 xisse
405 4370 451 4433 τσί
473 4367 596 4455 ἁγαθοὶ,
622 4368 740 4434 deinde
764 4378 871 4434 autem
895 4368 1030 4434 eandem
1051 4370 1217 4433 notionem
1238 4389 1332 4434 vocar

300 4472 387 4539 bulis
421 4473 466 4537 ταί
499 4473 630 4539 ἐναντία
660 4469 788 4536 velasse
820 4493 986 4537 assumere
1019 4481 1159 4557 cogatur.
1216 4469 1332 4556 Neque

303 4578 401 4661 enim,
423 4586 459 4642 ut
475 4599 562 4643 nunc
581 4573 712 4657 habent,
734 4571 780 4635 τοί
798 4575 930 4637 ἐναντία
948 4571 1075 4638 τούτων
1087 4613 1129 4624 -
1141 4571 1333 4658 γενήσεσθαι

1092 4695 1129 4752 7*
